<?xml version="1.0" encoding="UTF-8"?>
<!DOCTYPE html PUBLIC "-//W3C//DTD XHTML 1.0 Transitional//EN"
    "http://www.w3.org/TR/xhtml1/DTD/xhtml1-transitional.dtd">
<html xmlns="http://www.w3.org/1999/xhtml" xml:lang="en" lang="en">
 <head>
  <title>
</title>
<meta http-equiv="Content-Type" content="text/html;charset=utf-8" />
  <meta name='ocr-system' content='tesseract 3.04.00' />
  <meta name='ocr-capabilities' content='ocr_page ocr_carea ocr_par ocr_line ocrx_word'/>
</head>
<body>
  <div class='ocr_page' id='page_1' title='image "./historiaeeccles02eusegoog_0616.png"; bbox 0 0 2690 4910; ppageno 0'>
   <div class='ocr_carea' id='block_1_1' title="bbox 456 227 1162 364">
    <p class='ocr_par' dir='ltr' id='par_1_1' title="bbox 456 227 1162 364">
     <span class='ocr_line' id='line_1_1' title="bbox 456 227 1162 364; baseline 0.013 -24"><span class='ocrx_word' id='word_1_1' title='bbox 456 227 763 364; x_wconf 72' lang='lat' dir='ltr'><strong>pubblinlwbl.</strong></span> <span class='ocrx_word' id='word_1_2' title='bbox 1144 310 1162 349; x_wconf 89' lang='lat' dir='ltr'>v</span> 
     </span>
    </p>
   </div>
   <div class='ocr_carea' id='block_1_2' title="bbox 34 455 1276 1267">
    <p class='ocr_par' dir='ltr' id='par_1_2' title="bbox 37 455 1181 676">
     <span class='ocr_line' id='line_1_2' title="bbox 37 455 1181 562; baseline 0.007 -26"><span class='ocrx_word' id='word_1_3' title='bbox 37 473 134 538; x_wconf 87' lang='lat' dir='ltr'><strong>inter</strong></span> <span class='ocrx_word' id='word_1_4' title='bbox 162 455 296 542; x_wconf 86' lang='lat' dir='ltr'><strong>eete&#39;ras</strong></span> <span class='ocrx_word' id='word_1_5' title='bbox 314 481 378 537; x_wconf 93' lang='lat' dir='ltr'><strong>non</strong></span> <span class='ocrx_word' id='word_1_6' title='bbox 397 469 551 561; x_wconf 79' lang='lat' dir='ltr'><strong>digessit.</strong></span> <span class='ocrx_word' id='word_1_7' title='bbox 585 471 656 536; x_wconf 82' lang='lat' dir='ltr'><strong>uas</strong></span> <span class='ocrx_word' id='word_1_8' title='bbox 672 465 775 560; x_wconf 84' lang='lat' dir='ltr'><strong>igitar</strong></span> <span class='ocrx_word' id='word_1_9' title='bbox 797 471 951 562; x_wconf 87' lang='lat' dir='ltr'><strong>integras</strong></span> <span class='ocrx_word' id='word_1_10' title='bbox 966 474 1010 541; x_wconf 90' lang='lat' dir='ltr'><strong>ad</strong></span> <span class='ocrx_word' id='word_1_11' title='bbox 1037 477 1181 546; x_wconf 88' lang='lat' dir='ltr'><strong>calcem-</strong></span> 
     </span>
     <span class='ocr_line' id='line_1_3' title="bbox 37 582 731 676; baseline -0.004 -22"><span class='ocrx_word' id='word_1_12' title='bbox 37 590 228 656; x_wconf 86' lang='lat' dir='ltr'><strong>voluminis</strong></span> <span class='ocrx_word' id='word_1_13' title='bbox 253 584 487 676; x_wconf 81' lang='lat' dir='ltr'><strong>imprimendas</strong></span> <span class='ocrx_word' id='word_1_14' title='bbox 512 582 731 654; x_wconf 77' lang='lat' dir='ltr'><strong>censuimus.“</strong></span> 
     </span>
    </p>

    <p class='ocr_par' dir='ltr' id='par_1_3' title="bbox 34 683 1276 1267">
     <span class='ocr_line' id='line_1_4' title="bbox 117 683 1276 799; baseline 0.006 -28"><span class='ocrx_word' id='word_1_15' title='bbox 117 705 184 771; x_wconf 83' lang='lat' dir='ltr'><strong>Ex</strong></span> <span class='ocrx_word' id='word_1_16' title='bbox 208 706 260 772; x_wconf 90' lang='lat' dir='ltr'><strong>his</strong></span> <span class='ocrx_word' id='word_1_17' title='bbox 285 705 454 772; x_wconf 83' lang='lat' dir='ltr'><strong>codicibus</strong></span> <span class='ocrx_word' id='word_1_18' title='bbox 479 683 731 791; x_wconf 58' lang='lat' dir='ltr'><strong>autea&#39;quidem</strong></span> <span class='ocrx_word' id='word_1_19' title='bbox 759 700 900 775; x_wconf 85' lang='lat' dir='ltr'><strong>nondum</strong></span> <span class='ocrx_word' id='word_1_20' title='bbox 923 709 1052 778; x_wconf 89' lang='lat' dir='ltr'><strong>collatis</strong></span> <span class='ocrx_word' id='word_1_21' title='bbox 1072 713 1168 799; x_wconf 62' lang='lat' dir='ltr'><strong>opti-¹</strong></span> <span class='ocrx_word' id='word_1_22' title='bbox 1268 704 1276 716; x_wconf 82' lang='lat'><em>&#39;</em></span> 
     </span>
     <span class='ocr_line' id='line_1_5' title="bbox 34 813 1159 914; baseline 0.002 -23"><span class='ocrx_word' id='word_1_23' title='bbox 34 841 127 891; x_wconf 86' lang='lat' dir='ltr'><strong>mum</strong></span> <span class='ocrx_word' id='word_1_24' title='bbox 157 824 312 910; x_wconf 83' lang='lat' dir='ltr'><strong>equidem</strong></span> <span class='ocrx_word' id='word_1_25' title='bbox 334 813 447 892; x_wconf 85' lang='lat' dir='ltr'><strong>dicere</strong></span> <span class='ocrx_word' id='word_1_26' title='bbox 463 841 527 889; x_wconf 93' lang='lat' dir='ltr'><strong>non</strong></span> <span class='ocrx_word' id='word_1_27' title='bbox 541 823 662 890; x_wconf 88' lang='lat' dir='ltr'><strong>dubito</strong></span> <span class='ocrx_word' id='word_1_28' title='bbox 680 823 753 889; x_wconf 90' lang='lat' dir='ltr'><strong>cod.</strong></span> <span class='ocrx_word' id='word_1_29' title='bbox 769 825 822 914; x_wconf 84' lang='lat' dir='ltr'><strong>H,</strong></span> <span class='ocrx_word' id='word_1_30' title='bbox 830 820 864 903; x_wconf 66' lang='lat' dir='ltr'><strong>i)</strong></span> <span class='ocrx_word' id='word_1_31' title='bbox 885 825 1034 913; x_wconf 83' lang='lat' dir='ltr'>proxime</span> <span class='ocrx_word' id='word_1_32' title='bbox 1050 833 1159 896; x_wconf 91' lang='lat' dir='ltr'><strong>autem</strong></span> 
     </span>
     <span class='ocr_line' id='line_1_6' title="bbox 37 921 1164 1033; baseline 0.005 -29"><span class='ocrx_word' id='word_1_33' title='bbox 37 941 200 1008; x_wconf 87' lang='lat' dir='ltr'><strong>bonitate</strong></span> <span class='ocrx_word' id='word_1_34' title='bbox 225 941 268 1010; x_wconf 86' lang='lat' dir='ltr'><strong>ai</strong></span> <span class='ocrx_word' id='word_1_35' title='bbox 289 941 366 1011; x_wconf 80' lang='lat' dir='ltr'><strong>eum</strong></span> <span class='ocrx_word' id='word_1_36' title='bbox 395 939 559 1010; x_wconf 80' lang='lat' dir='ltr'><strong>accedere</strong></span> <span class='ocrx_word' id='word_1_37' title='bbox 579 921 700 1008; x_wconf 86' lang='lat' dir='ltr'><strong>censeo</strong></span> <span class='ocrx_word' id='word_1_38' title='bbox 726 939 824 1006; x_wconf 94' lang='lat' dir='ltr'><strong>codd.</strong></span> <span class='ocrx_word' id='word_1_39' title='bbox 850 942 878 1006; x_wconf 90' lang='grc' dir='ltr'><strong>Ι.</strong></span> <span class='ocrx_word' id='word_1_40' title='bbox 895 940 950 1033; x_wconf 80' lang='lat' dir='ltr'><strong>K,</strong></span> <span class='ocrx_word' id='word_1_41' title='bbox 976 938 1164 1030; x_wconf 80' lang='lat' dir='ltr'><strong>quon‘qmm</strong></span> 
     </span>
     <span class='ocr_line' id='line_1_7' title="bbox 34 1051 1158 1152; baseline 0.004 -30"><span class='ocrx_word' id='word_1_42' title='bbox 34 1058 240 1146; x_wconf 88' lang='lat' dir='ltr'><strong>Nicephoro</strong></span> <span class='ocrx_word' id='word_1_43' title='bbox 265 1062 414 1149; x_wconf 82' lang='lat' dir='ltr'>pressius</span> <span class='ocrx_word' id='word_1_44' title='bbox 440 1059 661 1152; x_wconf 86' lang='lat' dir='ltr'><strong>adhaerentes</strong></span> <span class='ocrx_word' id='word_1_45' title='bbox 669 1051 743 1147; x_wconf 47' lang='grc' dir='ltr'><strong>,Ἢ</strong></span> <span class='ocrx_word' id='word_1_46' title='bbox 761 1059 907 1144; x_wconf 86' lang='lat' dir='ltr'><strong>minoris</strong></span> <span class='ocrx_word' id='word_1_47' title='bbox 928 1061 1079 1125; x_wconf 84' lang='lat' dir='ltr'><strong>momenti</strong></span> <span class='ocrx_word' id='word_1_48' title='bbox 1105 1066 1158 1126; x_wconf 89' lang='lat' dir='ltr'><strong>est</strong></span> 
     </span>
     <span class='ocr_line' id='line_1_8' title="bbox 35 1157 1156 1267; baseline 0.001 -28"><span class='ocrx_word' id='word_1_49' title='bbox 35 1175 115 1240; x_wconf 89' lang='lat' dir='ltr'><strong>cod.</strong></span> <span class='ocrx_word' id='word_1_50' title='bbox 140 1157 207 1267; x_wconf 62' lang='lat' dir='ltr'><strong>ld,</strong></span> <span class='ocrx_word' id='word_1_51' title='bbox 239 1198 379 1265; x_wconf 88' lang='lat' dir='ltr'><strong>quocum</strong></span> <span class='ocrx_word' id='word_1_52' title='bbox 402 1193 507 1263; x_wconf 88' lang='lat' dir='ltr'><strong>saepe</strong></span> <span class='ocrx_word' id='word_1_53' title='bbox 540 1173 706 1242; x_wconf 77' lang='lat' dir='ltr'><strong>consentit</strong></span> <span class='ocrx_word' id='word_1_54' title='bbox 731 1174 804 1241; x_wconf 90' lang='lat' dir='ltr'><strong>cod.</strong></span> <span class='ocrx_word' id='word_1_55' title='bbox 833 1175 910 1240; x_wconf 88' lang='lat' dir='ltr'><strong>bibl.</strong></span> <span class='ocrx_word' id='word_1_56' title='bbox 934 1178 1021 1265; x_wconf 86' lang='lat' dir='ltr'><strong>Reg.</strong></span> <span class='ocrx_word' id='word_1_57' title='bbox 1047 1177 1156 1240; x_wconf 89' lang='lat' dir='ltr'><strong>Paris.</strong></span> 
     </span>
    </p>
   </div>
   <div class='ocr_carea' id='block_1_3' title="bbox 34 1283 1274 1384">
    <p class='ocr_par' dir='ltr' id='par_1_4' title="bbox 34 1283 1274 1384">
     <span class='ocr_line' id='line_1_9' title="bbox 34 1283 1274 1384; baseline -0.003 -28"><span class='ocrx_word' id='word_1_58' title='bbox 34 1310 68 1356; x_wconf 93' lang='lat' dir='ltr'><strong>u.</strong></span> <span class='ocrx_word' id='word_1_59' title='bbox 100 1291 215 1384; x_wconf 79' lang='lat'><strong>1437,</strong></span> <span class='ocrx_word' id='word_1_60' title='bbox 247 1295 371 1367; x_wconf 84' lang='lat' dir='ltr'><strong>minimi</strong></span> <span class='ocrx_word' id='word_1_61' title='bbox 402 1293 475 1360; x_wconf 90' lang='lat' dir='ltr'><strong>cod.</strong></span> <span class='ocrx_word' id='word_1_62' title='bbox 502 1290 554 1382; x_wconf 79' lang='lat' dir='ltr'><strong>G,</strong></span> <span class='ocrx_word' id='word_1_63' title='bbox 581 1311 695 1358; x_wconf 88' lang='lat' dir='ltr'><strong>omnes</strong></span> <span class='ocrx_word' id='word_1_64' title='bbox 726 1295 834 1356; x_wconf 90' lang='lat' dir='ltr'><strong>autem</strong></span> <span class='ocrx_word' id='word_1_65' title='bbox 868 1290 912 1358; x_wconf 92' lang='lat' dir='ltr'><strong>ad</strong></span> <span class='ocrx_word' id='word_1_66' title='bbox 943 1283 1072 1358; x_wconf 77' lang='lat' dir='ltr'><strong>te&#39;rtiam</strong></span> <span class='ocrx_word' id='word_1_67' title='bbox 1096 1311 1157 1359; x_wconf 90' lang='lat' dir='ltr'><strong>seu</strong></span> <span class='ocrx_word' id='word_1_68' title='bbox 1270 1342 1274 1352; x_wconf 88' lang='grc'><em>,</em></span> 
     </span>
    </p>
   </div>
   <div class='ocr_carea' id='block_1_4' title="bbox 5 1397 1155 1964">
    <p class='ocr_par' dir='ltr' id='par_1_5' title="bbox 5 1397 1155 1964">
     <span class='ocr_line' id='line_1_10' title="bbox 5 1397 1155 1502; baseline 0.006 -34"><span class='ocrx_word' id='word_1_69' title='bbox 5 1497 6 1502; x_wconf 11' lang='lat'>¹</span> <span class='ocrx_word' id='word_1_70' title='bbox 33 1409 179 1472; x_wconf 71' lang='lat' dir='ltr'><strong>mirram</strong></span> <span class='ocrx_word' id='word_1_71' title='bbox 196 1397 405 1475; x_wconf 71' lang='lat' dir='ltr'><strong>recensionem</strong></span> <span class='ocrx_word' id='word_1_72' title='bbox 438 1427 533 1496; x_wconf 89' lang='lat' dir='ltr'><strong>quam</strong></span> <span class='ocrx_word' id='word_1_73' title='bbox 569 1406 739 1474; x_wconf 85' lang='lat' dir='ltr'><strong>Strothius</strong></span> <span class='ocrx_word' id='word_1_74' title='bbox 774 1405 869 1472; x_wconf 87' lang='lat' dir='ltr'><strong>dixit·</strong></span> <span class='ocrx_word' id='word_1_75' title='bbox 899 1409 958 1490; x_wconf 83' lang='lat' dir='ltr'><strong>(ci.</strong></span> <span class='ocrx_word' id='word_1_76' title='bbox 998 1411 1090 1476; x_wconf 87' lang='lat' dir='ltr'><strong>Tom.</strong></span> <span class='ocrx_word' id='word_1_77' title='bbox 1127 1413 1155 1476; x_wconf 90' lang='lat' dir='ltr'><strong>l.</strong></span> 
     </span>
     <span class='ocr_line' id='line_1_11' title="bbox 35 1522 1154 1614; baseline 0.004 -26"><span class='ocrx_word' id='word_1_78' title='bbox 35 1522 196 1614; x_wconf 86' lang='lat' dir='ltr'><strong>p.XV.),</strong></span> <span class='ocrx_word' id='word_1_79' title='bbox 222 1524 390 1594; x_wconf 82' lang='lat' dir='ltr'><strong>referendi</strong></span> <span class='ocrx_word' id='word_1_80' title='bbox 420 1544 497 1592; x_wconf 91' lang='lat' dir='ltr'><strong>esse</strong></span> <span class='ocrx_word' id='word_1_81' title='bbox 523 1523 695 1614; x_wconf 82' lang='lat' dir='ltr'><strong>videntur,</strong></span> <span class='ocrx_word' id='word_1_82' title='bbox 721 1524 768 1588; x_wconf 88' lang='lat' dir='ltr'><strong>ito</strong></span> <span class='ocrx_word' id='word_1_83' title='bbox 795 1524 925 1609; x_wconf 89' lang='lat' dir='ltr'><strong>quidem</strong></span> <span class='ocrx_word' id='word_1_84' title='bbox 951 1533 986 1592; x_wconf 93' lang='lat' dir='ltr'><strong>ut</strong></span> <span class='ocrx_word' id='word_1_85' title='bbox 1008 1529 1051 1592; x_wconf 89' lang='lat' dir='ltr'><strong>ll.</strong></span> <span class='ocrx_word' id='word_1_86' title='bbox 1065 1528 1094 1592; x_wconf 88' lang='lat'><strong>1.</strong></span> <span class='ocrx_word' id='word_1_87' title='bbox 1110 1527 1154 1592; x_wconf 88' lang='grc' dir='ltr'><strong>Κ.</strong></span> 
     </span>
     <span class='ocr_line' id='line_1_12' title="bbox 34 1635 1154 1732; baseline 0.009 -30"><span class='ocrx_word' id='word_1_88' title='bbox 34 1637 79 1704; x_wconf 90' lang='lat' dir='ltr'><strong>ad</strong></span> <span class='ocrx_word' id='word_1_89' title='bbox 116 1643 257 1705; x_wconf 82' lang='lat' dir='ltr'><strong>alterum</strong></span> <span class='ocrx_word' id='word_1_90' title='bbox 286 1641 546 1730; x_wconf 85' lang='lat' dir='ltr'><strong>recensionem,</strong></span> <span class='ocrx_word' id='word_1_91' title='bbox 565 1639 696 1726; x_wconf 48' lang='lat' dir='ltr'><strong>reliqui,</strong></span> <span class='ocrx_word' id='word_1_92' title='bbox 715 1635 757 1704; x_wconf 91' lang='lat' dir='ltr'><strong>ad</strong></span> <span class='ocrx_word' id='word_1_93' title='bbox 787 1635 922 1725; x_wconf 79' lang='lat' dir='ltr'><strong>priorem</strong></span> <span class='ocrx_word' id='word_1_94' title='bbox 955 1644 1063 1732; x_wconf 83' lang='lat' dir='ltr'><strong>magis</strong></span> <span class='ocrx_word' id='word_1_95' title='bbox 1094 1661 1154 1714; x_wconf 81' lang='lat' dir='ltr'><strong>ac·</strong></span> 
     </span>
     <span class='ocr_line' id='line_1_13' title="bbox 34 1733 1100 1822; baseline 0.012 -2"><span class='ocrx_word' id='word_1_96' title='bbox 34 1754 178 1822; x_wconf 84' lang='lat' dir='ltr'><strong>cedant.</strong></span> <span class='ocrx_word' id='word_1_97' title='bbox 885 1733 895 1744; x_wconf 61' lang='lat'><em>„</em></span> <span class='ocrx_word' id='word_1_98' title='bbox 1095 1742 1100 1752; x_wconf 54' lang='grc'><strong>’</strong></span> 
     </span>
     <span class='ocr_line' id='line_1_14' title="bbox 116 1871 1152 1964; baseline 0.002 -26"><span class='ocrx_word' id='word_1_99' title='bbox 116 1871 218 1955; x_wconf 80' lang='lat' dir='ltr'><strong>Quod</strong></span> <span class='ocrx_word' id='word_1_100' title='bbox 240 1881 415 1961; x_wconf 87' lang='lat' dir='ltr'><strong>praeterea</strong></span> <span class='ocrx_word' id='word_1_101' title='bbox 439 1875 602 1940; x_wconf 74' lang='lat' dir='ltr'><strong>affirmant</strong></span> <span class='ocrx_word' id='word_1_102' title='bbox 635 1872 800 1964; x_wconf 86' lang='lat' dir='ltr'><strong>editores,</strong></span> <span class='ocrx_word' id='word_1_103' title='bbox 826 1874 939 1941; x_wconf 90' lang='lat' dir='ltr'><strong>horum</strong></span> <span class='ocrx_word' id='word_1_104' title='bbox 968 1875 1152 1943; x_wconf 85' lang='lat' dir='ltr'><strong>manuscri-</strong></span> 
     </span>
    </p>
   </div>
   <div class='ocr_carea' id='block_1_5' title="bbox 34 1985 1270 2090">
    <p class='ocr_par' dir='ltr' id='par_1_6' title="bbox 34 1985 1270 2090">
     <span class='ocr_line' id='line_1_15' title="bbox 34 1985 1270 2090; baseline 0.004 -38"><span class='ocrx_word' id='word_1_105' title='bbox 34 1993 176 2090; x_wconf 88' lang='lat' dir='ltr'><strong>ptorum</strong></span> <span class='ocrx_word' id='word_1_106' title='bbox 199 1989 396 2057; x_wconf 86' lang='lat' dir='ltr'><strong>lectionibus</strong></span> <span class='ocrx_word' id='word_1_107' title='bbox 414 1988 557 2056; x_wconf 89' lang='lat' dir='ltr'><strong>adiutum</strong></span> <span class='ocrx_word' id='word_1_108' title='bbox 572 1991 750 2056; x_wconf 89' lang='lat' dir='ltr'><strong>Bortonem</strong></span> <span class='ocrx_word' id='word_1_109' title='bbox 769 1996 957 2056; x_wconf 88' lang='lat' dir='ltr'><strong>contextum</strong></span> <span class='ocrx_word' id='word_1_110' title='bbox 982 1993 1091 2058; x_wconf 92' lang='lat' dir='ltr'><strong>multis</strong></span> <span class='ocrx_word' id='word_1_111' title='bbox 1116 1993 1150 2057; x_wconf 90' lang='lat' dir='ltr'><strong>in</strong></span> <span class='ocrx_word' id='word_1_112' title='bbox 1265 1985 1270 1992; x_wconf 85' lang='grc'>’</span> 
     </span>
    </p>
   </div>
   <div class='ocr_carea' id='block_1_6' title="bbox 29 2085 1150 2520">
    <p class='ocr_par' dir='ltr' id='par_1_7' title="bbox 29 2085 1150 2520">
     <span class='ocr_line' id='line_1_16' title="bbox 32 2085 1150 2203; baseline 0.005 -36"><span class='ocrx_word' id='word_1_113' title='bbox 32 2104 123 2171; x_wconf 89' lang='lat' dir='ltr'><strong>locis</strong></span> <span class='ocrx_word' id='word_1_114' title='bbox 142 2107 174 2172; x_wconf 91' lang='lat' dir='ltr'><strong>si</strong></span> <span class='ocrx_word' id='word_1_115' title='bbox 191 2121 255 2173; x_wconf 91' lang='lat' dir='ltr'><strong>non</strong></span> <span class='ocrx_word' id='word_1_116' title='bbox 271 2107 402 2194; x_wconf 83' lang='lat' dir='ltr'><strong>penitus</strong></span> <span class='ocrx_word' id='word_1_117' title='bbox 425 2085 631 2203; x_wconf 79' lang='lat' dir='ltr'><strong>emendasse,</strong></span> <span class='ocrx_word' id='word_1_118' title='bbox 655 2107 821 2193; x_wconf 88' lang='lat' dir='ltr'><strong>puriorem</strong></span> <span class='ocrx_word' id='word_1_119' title='bbox 845 2092 943 2174; x_wconf 84' lang='lat' dir='ltr'><strong>certe</strong></span> <span class='ocrx_word' id='word_1_120' title='bbox 962 2103 1150 2175; x_wconf 80' lang='lat' dir='ltr'><strong>cultiorem-</strong></span> 
     </span>
     <span class='ocr_line' id='line_1_17' title="bbox 33 2223 1150 2312; baseline 0.003 -26"><span class='ocrx_word' id='word_1_121' title='bbox 33 2240 101 2306; x_wconf 84' lang='lat' dir='ltr'><strong>que</strong></span> <span class='ocrx_word' id='word_1_122' title='bbox 141 2241 240 2308; x_wconf 88' lang='lat' dir='ltr'><strong>quam</strong></span> <span class='ocrx_word' id='word_1_123' title='bbox 265 2228 364 2289; x_wconf 89' lang='lat' dir='ltr'><strong>antea</strong></span> <span class='ocrx_word' id='word_1_124' title='bbox 394 2223 589 2312; x_wconf 81' lang='lat' dir='ltr'><strong>legebatur,</strong></span> <span class='ocrx_word' id='word_1_125' title='bbox 625 2223 794 2308; x_wconf 77' lang='lat' dir='ltr'><strong>effecisse,</strong></span> <span class='ocrx_word' id='word_1_126' title='bbox 826 2224 976 2306; x_wconf 90' lang='lat' dir='ltr'><strong>quamvis</strong></span> <span class='ocrx_word' id='word_1_127' title='bbox 998 2226 1150 2291; x_wconf 73' lang='lat' dir='ltr'><strong>lubenter</strong></span> 
     </span>
     <span class='ocr_line' id='line_1_18' title="bbox 32 2335 1149 2428; baseline 0.003 -27"><span class='ocrx_word' id='word_1_128' title='bbox 32 2336 236 2425; x_wconf 87' lang='lat' dir='ltr'><strong>concedam,</strong></span> <span class='ocrx_word' id='word_1_129' title='bbox 261 2338 340 2403; x_wconf 92' lang='lat' dir='ltr'><strong>illud</strong></span> <span class='ocrx_word' id='word_1_130' title='bbox 359 2337 469 2403; x_wconf 85' lang='lat' dir='ltr'><strong>tamen</strong></span> <span class='ocrx_word' id='word_1_131' title='bbox 489 2357 555 2402; x_wconf 91' lang='lat' dir='ltr'><strong>non</strong></span> <span class='ocrx_word' id='word_1_132' title='bbox 573 2338 679 2400; x_wconf 90' lang='lat' dir='ltr'><strong>minus</strong></span> <span class='ocrx_word' id='word_1_133' title='bbox 697 2335 903 2402; x_wconf 85' lang='lat' dir='ltr'><strong>intellexisse</strong></span> <span class='ocrx_word' id='word_1_134' title='bbox 923 2338 1001 2402; x_wconf 91' lang='lat' dir='ltr'><strong>mihi</strong></span> <span class='ocrx_word' id='word_1_135' title='bbox 1022 2338 1149 2428; x_wconf 86' lang='lat' dir='ltr'><strong>videor,</strong></span> 
     </span>
     <span class='ocr_line' id='line_1_19' title="bbox 29 2439 1147 2520; baseline 0.003 -5"><span class='ocrx_word' id='word_1_136' title='bbox 29 2453 62 2515; x_wconf 88' lang='lat' dir='ltr'><strong>si</strong></span> <span class='ocrx_word' id='word_1_137' title='bbox 88 2452 271 2518; x_wconf 84' lang='lat' dir='ltr'><strong>certiorem</strong></span> <span class='ocrx_word' id='word_1_138' title='bbox 293 2457 339 2519; x_wconf 80' lang='lat' dir='ltr'><strong>‘et</strong></span> <span class='ocrx_word' id='word_1_139' title='bbox 363 2453 536 2518; x_wconf 86' lang='lat' dir='ltr'><strong>firmiorem</strong></span> <span class='ocrx_word' id='word_1_140' title='bbox 560 2453 686 2518; x_wconf 89' lang='lat' dir='ltr'><strong>Burton</strong></span> <span class='ocrx_word' id='word_1_141' title='bbox 719 2457 853 2517; x_wconf 86' lang='lat' dir='ltr'><strong>secutus</strong></span> <span class='ocrx_word' id='word_1_142' title='bbox 874 2457 966 2518; x_wconf 90' lang='lat' dir='ltr'><strong>esset</strong></span> <span class='ocrx_word' id='word_1_143' title='bbox 990 2439 1147 2520; x_wconf 84' lang='lat' dir='ltr'><strong>rationem</strong></span> 
     </span>
    </p>
   </div>
   <div class='ocr_carea' id='block_1_7' title="bbox 33 2549 1270 2658">
    <p class='ocr_par' dir='ltr' id='par_1_8' title="bbox 33 2549 1270 2658">
     <span class='ocr_line' id='line_1_20' title="bbox 33 2549 1270 2658; baseline 0.002 -27"><span class='ocrx_word' id='word_1_144' title='bbox 33 2549 191 2634; x_wconf 85' lang='lat' dir='ltr'><strong>criticam</strong></span> <span class='ocrx_word' id='word_1_145' title='bbox 208 2575 241 2634; x_wconf 87' lang='grc'><strong>61</strong></span> <span class='ocrx_word' id='word_1_146' title='bbox 260 2567 561 2636; x_wconf 74' lang='lat' dir='ltr'><strong>Graeclsermonis</strong></span> <span class='ocrx_word' id='word_1_147' title='bbox 581 2567 700 2634; x_wconf 87' lang='lat' dir='ltr'><strong>inisset</strong></span> <span class='ocrx_word' id='word_1_148' title='bbox 723 2569 871 2658; x_wconf 77' lang='lat' dir='ltr'><strong>peritior,</strong></span> <span class='ocrx_word' id='word_1_149' title='bbox 891 2569 1147 2648; x_wconf 77' lang='lat' dir='ltr'><strong>emendatiorem</strong></span> <span class='ocrx_word' id='word_1_150' title='bbox 1232 2615 1241 2622; x_wconf 89' lang='lat'><em>-</em></span> <span class='ocrx_word' id='word_1_151' title='bbox 1265 2597 1270 2606; x_wconf 84' lang='lat'>·</span> 
     </span>
    </p>
   </div>
   <div class='ocr_carea' id='block_1_8' title="bbox 34 2683 1202 3353">
    <p class='ocr_par' dir='ltr' id='par_1_9' title="bbox 34 2683 1202 3353">
     <span class='ocr_line' id='line_1_21' title="bbox 35 2683 1146 2782; baseline 0.004 -35"><span class='ocrx_word' id='word_1_152' title='bbox 35 2683 140 2748; x_wconf 90' lang='lat' dir='ltr'><strong>etiam</strong></span> <span class='ocrx_word' id='word_1_153' title='bbox 178 2703 218 2750; x_wconf 90' lang='lat' dir='ltr'><strong>eo</strong></span> <span class='ocrx_word' id='word_1_154' title='bbox 251 2691 387 2752; x_wconf 82' lang='lat' dir='ltr'><strong>auctore</strong></span> <span class='ocrx_word' id='word_1_155' title='bbox 413 2684 614 2782; x_wconf 85' lang='lat' dir='ltr'><strong>proditurum</strong></span> <span class='ocrx_word' id='word_1_156' title='bbox 641 2685 819 2750; x_wconf 86' lang='lat' dir='ltr'><strong>Eusebium</strong></span> <span class='ocrx_word' id='word_1_157' title='bbox 846 2689 880 2749; x_wconf 91' lang='lat' dir='ltr'><strong>et</strong></span> <span class='ocrx_word' id='word_1_158' title='bbox 902 2685 1017 2760; x_wconf 55' lang='lat' dir='ltr'><strong>,minus</strong></span> <span class='ocrx_word' id='word_1_159' title='bbox 1038 2704 1146 2772; x_wconf 85' lang='lat' dir='ltr'><strong>saepe</strong></span> 
     </span>
     <span class='ocr_line' id='line_1_22' title="bbox 35 2799 1146 2890; baseline 0.004 -28"><span class='ocrx_word' id='word_1_160' title='bbox 35 2817 55 2862; x_wconf 94' lang='lat' dir='ltr'><strong>a</strong></span> <span class='ocrx_word' id='word_1_161' title='bbox 79 2817 169 2868; x_wconf 79' lang='lat' dir='ltr'><strong>vero</strong></span> <span class='ocrx_word' id='word_1_162' title='bbox 194 2800 300 2886; x_wconf 87' lang='lat' dir='ltr'><strong>ipsum</strong></span> <span class='ocrx_word' id='word_1_163' title='bbox 327 2801 553 2890; x_wconf 76' lang='lat' dir='ltr'><strong>aberraturum</strong></span> <span class='ocrx_word' id='word_1_164' title='bbox 579 2799 692 2866; x_wconf 79' lang='lat' dir='ltr'><strong>tuisse.</strong></span> <span class='ocrx_word' id='word_1_165' title='bbox 746 2803 862 2886; x_wconf 89' lang='lat' dir='ltr'><strong>Neque</strong></span> <span class='ocrx_word' id='word_1_166' title='bbox 888 2799 968 2888; x_wconf 83' lang='lat' dir='ltr'><strong>illud</strong></span> <span class='ocrx_word' id='word_1_167' title='bbox 993 2807 1146 2887; x_wconf 86' lang='lat' dir='ltr'><strong>praeter-</strong></span> 
     </span>
     <span class='ocr_line' id='line_1_23' title="bbox 34 2896 1202 3006; baseline 0.003 -28"><span class='ocrx_word' id='word_1_168' title='bbox 34 2914 234 2982; x_wconf 90' lang='lat' dir='ltr'><strong>mittendum</strong></span> <span class='ocrx_word' id='word_1_169' title='bbox 254 2914 397 3006; x_wconf 90' lang='lat' dir='ltr'><strong>videtur,</strong></span> <span class='ocrx_word' id='word_1_170' title='bbox 424 2896 549 2994; x_wconf 77' lang='lat' dir='ltr'><strong>deddc</strong></span> <span class='ocrx_word' id='word_1_171' title='bbox 570 2903 763 2982; x_wconf 85' lang='lat' dir='ltr'><strong>collatorum</strong></span> <span class='ocrx_word' id='word_1_172' title='bbox 780 2937 911 2982; x_wconf 90' lang='lat' dir='ltr'><strong>suorum</strong></span> <span class='ocrx_word' id='word_1_173' title='bbox 933 2917 1045 2982; x_wconf 90' lang='lat' dir='ltr'><strong>nescio</strong></span> <span class='ocrx_word' id='word_1_174' title='bbox 1062 2937 1144 3002; x_wconf 89' lang='lat' dir='ltr'><strong>quo·</strong></span> <span class='ocrx_word' id='word_1_175' title='bbox 1195 2903 1202 2910; x_wconf 72' lang='grc'><strong><em>’</em></strong></span> 
     </span>
     <span class='ocr_line' id='line_1_24' title="bbox 35 3029 1144 3128; baseline 0.009 -34"><span class='ocrx_word' id='word_1_176' title='bbox 35 3049 108 3094; x_wconf 88' lang='lat' dir='ltr'><strong>rum</strong></span> <span class='ocrx_word' id='word_1_177' title='bbox 133 3032 308 3116; x_wconf 78' lang='lat' dir='ltr'><strong>aliquoties</strong></span> <span class='ocrx_word' id='word_1_178' title='bbox 330 3033 482 3100; x_wconf 87' lang='lat' dir='ltr'><strong>dubitare</strong></span> <span class='ocrx_word' id='word_1_179' title='bbox 504 3034 693 3121; x_wconf 77' lang='lat' dir='ltr'><strong>Rumonem,</strong></span> <span class='ocrx_word' id='word_1_180' title='bbox 715 3039 751 3098; x_wconf 92' lang='lat' dir='ltr'><strong>ut</strong></span> <span class='ocrx_word' id='word_1_181' title='bbox 771 3032 833 3120; x_wconf 84' lang='lat' dir='ltr'><strong>Vl,</strong></span> <span class='ocrx_word' id='word_1_182' title='bbox 864 3035 912 3100; x_wconf 91' lang='grc'><strong>16.</strong></span> <span class='ocrx_word' id='word_1_183' title='bbox 940 3053 972 3118; x_wconf 87' lang='lat' dir='ltr'><strong>p.</strong></span> <span class='ocrx_word' id='word_1_184' title='bbox 986 3029 1069 3102; x_wconf 73' lang='lat'><strong>412·</strong></span> <span class='ocrx_word' id='word_1_185' title='bbox 1083 3037 1144 3128; x_wconf 87' lang='lat' dir='ltr'><strong>Vl,</strong></span> 
     </span>
     <span class='ocr_line' id='line_1_25' title="bbox 35 3144 1143 3242; baseline 0.01 -32"><span class='ocrx_word' id='word_1_186' title='bbox 35 3144 86 3210; x_wconf 71' lang='lat'><strong>25.</strong></span> <span class='ocrx_word' id='word_1_187' title='bbox 114 3167 148 3232; x_wconf 90' lang='lat' dir='ltr'><strong>p.</strong></span> <span class='ocrx_word' id='word_1_188' title='bbox 165 3145 237 3215; x_wconf 75' lang='lat'><strong>428.</strong></span> <span class='ocrx_word' id='word_1_189' title='bbox 263 3147 360 3238; x_wconf 87' lang='lat' dir='ltr'><strong>Vlll,</strong></span> <span class='ocrx_word' id='word_1_190' title='bbox 385 3152 433 3216; x_wconf 90' lang='lat'><strong>10.</strong></span> <span class='ocrx_word' id='word_1_191' title='bbox 449 3171 481 3235; x_wconf 87' lang='lat' dir='ltr'><strong>p.</strong></span> <span class='ocrx_word' id='word_1_192' title='bbox 498 3150 570 3216; x_wconf 87' lang='grc'><strong>563.</strong></span> <span class='ocrx_word' id='word_1_193' title='bbox 596 3149 661 3236; x_wconf 91' lang='lat' dir='ltr'><strong>lX,</strong></span> <span class='ocrx_word' id='word_1_194' title='bbox 685 3151 715 3214; x_wconf 85' lang='grc'><strong>8.</strong></span> <span class='ocrx_word' id='word_1_195' title='bbox 742 3169 774 3233; x_wconf 87' lang='lat' dir='ltr'><strong>p.</strong></span> <span class='ocrx_word' id='word_1_196' title='bbox 798 3145 949 3216; x_wconf 69' lang='grc'><strong>6511611.</strong></span> <span class='ocrx_word' id='word_1_197' title='bbox 982 3147 1143 3242; x_wconf 79' lang='lat' dir='ltr'><strong>Equidem</strong></span> 
     </span>
     <span class='ocr_line' id='line_1_26' title="bbox 35 3260 1143 3353; baseline 0.013 -31"><span class='ocrx_word' id='word_1_198' title='bbox 35 3276 118 3326; x_wconf 89' lang='lat' dir='ltr'><strong>vero</strong></span> <span class='ocrx_word' id='word_1_199' title='bbox 141 3281 227 3331; x_wconf 88' lang='lat' dir='ltr'><strong>nunc</strong></span> <span class='ocrx_word' id='word_1_200' title='bbox 251 3264 331 3330; x_wconf 93' lang='lat' dir='ltr'><strong>illud</strong></span> <span class='ocrx_word' id='word_1_201' title='bbox 357 3265 562 3353; x_wconf 88' lang='lat' dir='ltr'><strong>potissimum</strong></span> <span class='ocrx_word' id='word_1_202' title='bbox 587 3261 754 3350; x_wconf 85' lang='lat' dir='ltr'><strong>agendum</strong></span> <span class='ocrx_word' id='word_1_203' title='bbox 768 3260 859 3351; x_wconf 87' lang='lat' dir='ltr'><strong>duxi,</strong></span> <span class='ocrx_word' id='word_1_204' title='bbox 891 3265 1013 3328; x_wconf 90' lang='lat' dir='ltr'><strong>utnon</strong></span> <span class='ocrx_word' id='word_1_205' title='bbox 1039 3267 1143 3336; x_wconf 90' lang='lat' dir='ltr'><strong>solum</strong></span> 
     </span>
    </p>
   </div>
   <div class='ocr_carea' id='block_1_9' title="bbox 36 3359 1308 3477">
    <p class='ocr_par' dir='ltr' id='par_1_10' title="bbox 36 3359 1308 3477">
     <span class='ocr_line' id='line_1_27' title="bbox 36 3359 1308 3477; baseline 0.01 -39"><span class='ocrx_word' id='word_1_206' title='bbox 36 3391 163 3442; x_wconf 86' lang='lat' dir='ltr'><strong>omnem</strong></span> <span class='ocrx_word' id='word_1_207' title='bbox 194 3359 370 3466; x_wconf 82' lang='lat' dir='ltr'><strong>potiorem</strong></span> <span class='ocrx_word' id='word_1_208' title='bbox 388 3367 483 3466; x_wconf 85' lang='lat' dir='ltr'><strong>quam</strong></span> <span class='ocrx_word' id='word_1_209' title='bbox 515 3381 587 3445; x_wconf 86' lang='lat' dir='ltr'><strong>sola</strong></span> <span class='ocrx_word' id='word_1_210' title='bbox 616 3379 773 3444; x_wconf 88' lang='lat' dir='ltr'><strong>Burtonis</strong></span> <span class='ocrx_word' id='word_1_211' title='bbox 809 3375 910 3444; x_wconf 85' lang='lat' dir='ltr'><strong>editio</strong></span> <span class='ocrx_word' id='word_1_212' title='bbox 944 3382 1142 3477; x_wconf 85' lang='lat' dir='ltr'><strong>suppeditat,</strong></span> <span class='ocrx_word' id='word_1_213' title='bbox 1171 3425 1174 3431; x_wconf 37' lang='lat' dir='ltr'><strong>f</strong></span> <span class='ocrx_word' id='word_1_214' title='bbox 1303 3425 1308 3439; x_wconf 55' lang='grc' dir='ltr'><strong><em>ι</em></strong></span> 
     </span>
    </p>
   </div>
   <div class='ocr_carea' id='block_1_10' title="bbox 34 3474 1251 3940">
    <p class='ocr_par' dir='ltr' id='par_1_11' title="bbox 34 3474 1251 3940">
     <span class='ocr_line' id='line_1_28' title="bbox 35 3474 1142 3584; baseline 0.016 -33"><span class='ocrx_word' id='word_1_215' title='bbox 35 3487 188 3558; x_wconf 87' lang='lat' dir='ltr'><strong>lectionis</strong></span> <span class='ocrx_word' id='word_1_216' title='bbox 220 3497 416 3562; x_wconf 87' lang='lat' dir='ltr'><strong>varietatem</strong></span> <span class='ocrx_word' id='word_1_217' title='bbox 447 3509 679 3584; x_wconf 78' lang='lat' dir='ltr'><strong>excerperem,</strong></span> <span class='ocrx_word' id='word_1_218' title='bbox 719 3493 862 3582; x_wconf 82' lang='lat' dir='ltr'><strong>digestis</strong></span> <span class='ocrx_word' id='word_1_219' title='bbox 892 3474 980 3559; x_wconf 84' lang='lat' dir='ltr'><strong>iuter</strong></span> <span class='ocrx_word' id='word_1_220' title='bbox 1012 3506 1142 3569; x_wconf 88' lang='lat' dir='ltr'><strong>ceteras</strong></span> 
     </span>
     <span class='ocr_line' id='line_1_29' title="bbox 36 3587 1251 3716; baseline 0.016 -50"><span class='ocrx_word' id='word_1_221' title='bbox 36 3604 107 3669; x_wconf 81' lang='lat' dir='ltr'><strong>eoo.</strong></span> <span class='ocrx_word' id='word_1_222' title='bbox 136 3609 213 3674; x_wconf 76' lang='grc'><strong>6161.</strong></span> <span class='ocrx_word' id='word_1_223' title='bbox 237 3609 346 3676; x_wconf 75' lang='lat' dir='ltr'><strong>uaris.</strong></span> <span class='ocrx_word' id='word_1_224' title='bbox 373 3629 405 3676; x_wconf 84' lang='lat' dir='ltr'><strong>n.</strong></span> <span class='ocrx_word' id='word_1_225' title='bbox 433 3607 523 3680; x_wconf 80' lang='grc'><strong>1131.</strong></span> <span class='ocrx_word' id='word_1_226' title='bbox 549 3627 679 3696; x_wconf 78' lang='lat' dir='ltr'><strong>quoque</strong></span> <span class='ocrx_word' id='word_1_227' title='bbox 701 3607 1140 3716; x_wconf 57' lang='lat' dir='ltr'><strong>(praesignaremus,</strong></span> <span class='ocrx_word' id='word_1_228' title='bbox 1230 3587 1251 3690; x_wconf 66' lang='lat' dir='ltr'><em>f</em></span> 
     </span>
     <span class='ocr_line' id='line_1_30' title="bbox 34 3715 1140 3816; baseline 0.015 -34"><span class='ocrx_word' id='word_1_229' title='bbox 34 3716 247 3815; x_wconf 88' lang='lat' dir='ltr'><strong>lectionibus,</strong></span> <span class='ocrx_word' id='word_1_230' title='bbox 273 3725 454 3791; x_wconf 87' lang='lat' dir='ltr'><strong>sedetiam</strong></span> <span class='ocrx_word' id='word_1_231' title='bbox 478 3715 521 3791; x_wconf 89' lang='lat' dir='ltr'><strong>de</strong></span> <span class='ocrx_word' id='word_1_232' title='bbox 544 3725 783 3814; x_wconf 86' lang='lat' dir='ltr'><strong>insignioribus</strong></span> <span class='ocrx_word' id='word_1_233' title='bbox 805 3731 978 3816; x_wconf 88' lang='lat' dir='ltr'><strong>scripturis</strong></span> <span class='ocrx_word' id='word_1_234' title='bbox 1004 3740 1037 3800; x_wconf 89' lang='lat' dir='ltr'><strong>et</strong></span> <span class='ocrx_word' id='word_1_235' title='bbox 1051 3735 1140 3799; x_wconf 91' lang='lat' dir='ltr'><strong>Bur-</strong></span> 
     </span>
     <span class='ocr_line' id='line_1_31' title="bbox 35 3823 1186 3940; baseline 0.012 -43"><span class='ocrx_word' id='word_1_236' title='bbox 35 3834 168 3906; x_wconf 90' lang='lat' dir='ltr'><strong>toniana</strong></span> <span class='ocrx_word' id='word_1_237' title='bbox 182 3831 298 3931; x_wconf 80' lang='grc' dir='ltr'><strong><em>κρίσει</em></strong></span> <span class='ocrx_word' id='word_1_238' title='bbox 315 3839 460 3908; x_wconf 84' lang='lat' dir='ltr'><strong>iacerem</strong></span> <span class='ocrx_word' id='word_1_239' title='bbox 473 3837 635 3906; x_wconf 81' lang='lat' dir='ltr'><strong>iudicium.</strong></span> <span class='ocrx_word' id='word_1_240' title='bbox 667 3839 763 3923; x_wconf 74' lang='lat' dir='ltr'><strong>Quod</strong></span> <span class='ocrx_word' id='word_1_241' title='bbox 783 3823 942 3933; x_wconf 89' lang='lat' dir='ltr'><strong>reliquum</strong></span> <span class='ocrx_word' id='word_1_242' title='bbox 964 3855 1026 3940; x_wconf 90' lang='lat' dir='ltr'><strong>est,</strong></span> <span class='ocrx_word' id='word_1_243' title='bbox 1050 3843 1139 3914; x_wconf 88' lang='lat' dir='ltr'><strong>haud</strong></span> <span class='ocrx_word' id='word_1_244' title='bbox 1184 3883 1186 3886; x_wconf 95' lang='lat'>-</span> 
     </span>
    </p>
   </div>
   <div class='ocr_carea' id='block_1_11' title="bbox 35 4015 261 4038">
    <p class='ocr_par' dir='ltr' id='par_1_12' title="bbox 35 4015 261 4038">
     <span class='ocr_line' id='line_1_32' title="bbox 35 4015 261 4038; baseline 0.009 -2"><span class='ocrx_word' id='word_1_245' title='bbox 35 4015 261 4038; x_wconf 30' lang='lat' dir='ltr'>&#39;&#39;z—-</span> 
     </span>
    </p>
   </div>
   <div class='ocr_carea' id='block_1_12' title="bbox 97 4099 918 4201">
    <p class='ocr_par' dir='ltr' id='par_1_13' title="bbox 97 4099 918 4201">
     <span class='ocr_line' id='line_1_33' title="bbox 97 4099 918 4201; baseline 0.015 -23"><span class='ocrx_word' id='word_1_246' title='bbox 97 4124 129 4192; x_wconf 82' lang='grc'><strong>*)</strong></span> <span class='ocrx_word' id='word_1_247' title='bbox 148 4127 191 4180; x_wconf 76' lang='lat' dir='ltr'><strong>ci.</strong></span> <span class='ocrx_word' id='word_1_248' title='bbox 209 4130 318 4184; x_wconf 83' lang='lat' dir='ltr'><strong>Borion.</strong></span> <span class='ocrx_word' id='word_1_249' title='bbox 337 4130 370 4182; x_wconf 90' lang='lat' dir='ltr'><strong>ad</strong></span> <span class='ocrx_word' id='word_1_250' title='bbox 389 4130 409 4195; x_wconf 93' lang='lat' dir='ltr'><strong>l,</strong></span> <span class='ocrx_word' id='word_1_251' title='bbox 427 4099 453 4180; x_wconf 65' lang='lat'><strong>2}</strong></span> <span class='ocrx_word' id='word_1_252' title='bbox 471 4145 496 4196; x_wconf 77' lang='lat' dir='ltr'><strong>pt</strong></span> <span class='ocrx_word' id='word_1_253' title='bbox 514 4130 556 4180; x_wconf 83' lang='lat'><strong>12.</strong></span> <span class='ocrx_word' id='word_1_254' title='bbox 576 4145 600 4195; x_wconf 88' lang='lat' dir='ltr'><strong>p.</strong></span> <span class='ocrx_word' id='word_1_255' title='bbox 623 4125 663 4180; x_wconf 82' lang='grc'><strong>14.</strong></span> <span class='ocrx_word' id='word_1_256' title='bbox 687 4105 720 4196; x_wconf 81' lang='lat' dir='ltr'><strong>li,</strong></span> <span class='ocrx_word' id='word_1_257' title='bbox 742 4134 782 4184; x_wconf 76' lang='lat'><strong>¹2.</strong></span> <span class='ocrx_word' id='word_1_258' title='bbox 800 4150 825 4201; x_wconf 85' lang='lat' dir='ltr'><strong>p.</strong></span> <span class='ocrx_word' id='word_1_259' title='bbox 846 4136 918 4190; x_wconf 65' lang='grc'><strong>108.»</strong></span> 
     </span>
    </p>
   </div>
   <div class='ocr_carea' id='block_1_13' title="bbox 96 4219 1261 4314">
    <p class='ocr_par' dir='ltr' id='par_1_14' title="bbox 96 4219 1261 4314">
     <span class='ocr_line' id='line_1_34' title="bbox 96 4219 1261 4314; baseline 0.009 -35"><span class='ocrx_word' id='word_1_260' title='bbox 96 4223 147 4293; x_wconf 65' lang='lat' dir='ltr'><strong>er)</strong></span> <span class='ocrx_word' id='word_1_261' title='bbox 165 4227 208 4280; x_wconf 86' lang='grc'><strong>61.</strong></span> <span class='ocrx_word' id='word_1_262' title='bbox 225 4231 334 4282; x_wconf 77' lang='lat' dir='ltr'><strong>auron.</strong></span> <span class='ocrx_word' id='word_1_263' title='bbox 353 4229 386 4281; x_wconf 74' lang='lat' dir='ltr'><strong>ao</strong></span> <span class='ocrx_word' id='word_1_264' title='bbox 404 4230 432 4294; x_wconf 89' lang='grc'><strong>1,</strong></span> <span class='ocrx_word' id='word_1_265' title='bbox 448 4227 475 4280; x_wconf 82' lang='grc'><strong>6.</strong></span> <span class='ocrx_word' id='word_1_266' title='bbox 492 4245 519 4296; x_wconf 76' lang='lat' dir='ltr'><strong>p.</strong></span> <span class='ocrx_word' id='word_1_267' title='bbox 535 4227 577 4280; x_wconf 78' lang='lat' dir='ltr'><strong>oo.</strong></span> <span class='ocrx_word' id='word_1_268' title='bbox 595 4229 681 4292; x_wconf 87' lang='grc' dir='ltr'><strong>1,1ο.</strong></span> <span class='ocrx_word' id='word_1_269' title='bbox 699 4219 785 4297; x_wconf 57' lang='lat' dir='ltr'><strong>ples.</strong></span> <span class='ocrx_word' id='word_1_270' title='bbox 803 4233 850 4300; x_wconf 89' lang='grc'><strong>111,</strong></span> <span class='ocrx_word' id='word_1_271' title='bbox 866 4234 891 4288; x_wconf 85' lang='grc'><strong>6.</strong></span> <span class='ocrx_word' id='word_1_272' title='bbox 911 4253 936 4302; x_wconf 81' lang='grc' dir='ltr'><strong>ρ.</strong></span> <span class='ocrx_word' id='word_1_273' title='bbox 959 4237 1013 4302; x_wconf 72' lang='lat' dir='ltr'><strong>rer.</strong></span> <span class='ocrx_word' id='word_1_274' title='bbox 1031 4237 1077 4314; x_wconf 82' lang='grc'><strong>111,</strong></span> <span class='ocrx_word' id='word_1_275' title='bbox 1097 4239 1135 4288; x_wconf 82' lang='lat' dir='ltr'><strong>ro.</strong></span> <span class='ocrx_word' id='word_1_276' title='bbox 1257 4291 1261 4302; x_wconf 74' lang='grc'><strong>,</strong></span> 
     </span>
    </p>
   </div>
   <div class='ocr_carea' id='block_1_14' title="bbox 34 4305 493 4396">
    <p class='ocr_par' dir='ltr' id='par_1_15' title="bbox 34 4305 493 4396">
     <span class='ocr_line' id='line_1_35' title="bbox 34 4305 493 4396; baseline 0.004 -32"><span class='ocrx_word' id='word_1_277' title='bbox 34 4314 59 4364; x_wconf 83' lang='lat' dir='ltr'><strong>r·</strong></span> <span class='ocrx_word' id='word_1_278' title='bbox 75 4305 131 4362; x_wconf 81' lang='lat'><strong>172.</strong></span> <span class='ocrx_word' id='word_1_279' title='bbox 165 4309 213 4377; x_wconf 89' lang='grc'><strong>111,</strong></span> <span class='ocrx_word' id='word_1_280' title='bbox 231 4314 274 4366; x_wconf 84' lang='lat'><strong>27.</strong></span> <span class='ocrx_word' id='word_1_281' title='bbox 291 4329 317 4380; x_wconf 77' lang='lat' dir='ltr'><strong>p.</strong></span> <span class='ocrx_word' id='word_1_282' title='bbox 336 4314 395 4366; x_wconf 85' lang='lat' dir='ltr'><strong>aoo.</strong></span> <span class='ocrx_word' id='word_1_283' title='bbox 491 4389 493 4396; x_wconf 23' lang='grc' dir='ltr'>Ι</span> 
     </span>
    </p>
   </div>
   <div class='ocr_carea' id='block_1_15' title="bbox 0 0 1350 4910">
    <p class='ocr_par' dir='ltr' id='par_1_16' title="bbox 0 0 1350 4910">
     <span class='ocr_line' id='line_1_36' title="bbox 0 0 1350 4910; baseline 0 0"><span class='ocrx_word' id='word_1_284' title='bbox 0 0 1350 4910; x_wconf 95' lang='lat' dir='ltr'><strong> </strong></span> 
     </span>
    </p>
   </div>
  </div>
 </body>
</html>
