2760 4894
186 271 235 346 78

105 437 113 447 '
188 438 337 518 repentine
357 437 405 500 ills
426 438 529 500 mcnrh
548 431 662 512 Iosophi
682 433 862 494 conmutatio
885 431 1017 494 exstitit?
1057 433 1210 510 Qmode
1231 446 1300 498 teu·

188 519 253 582 dem
275 521 359 580 fatale
381 521 450 582 illud
465 519 726 598 Hierosolymorum
748 516 889 579 excidium
912 537 965 576 uon
988 516 1031 588 id,
1055 518 1129 596 quud
1143 530 1299 580 consents-

185 623 271 664 ueuru
293 614 374 676 erat,
398 615 428 662 ut
448 602 576 682 cupidius
596 602 680 660 otiam
709 608 892 678 exspectaret
912 599 1050 677 Iosephus
1068 601 1228 674 Messium,
1258 597 1298 662 ad

188 705 290 748 ueram
312 687 448 764 gloriam,
473 688 637 764 potentiam,
660 681 880 758 magnitudinem
901 693 1066 742 evecturum
1087 682 1221 756 ludaeos,
1245 684 1296 746 sed

208 769 282 827 otius
303 767 371 826 illud
392 768 506 838 effecit,
533 769 567 826 ‘ut
586 765 621 826 de
643 767 769 842 quolibet
787 765 894 827 Messio
923 763 1078 824 adscuturo
1104 765 1298 844 desperaret?
1365 809 1366 818 .

187 789 228 910 It
252 851 279 909 si
306 850 399 908 Iesum
428 869 495 908 vere
524 848 737 928 prohiessie,
771 846 956 925 aprophetis
979 847 1147 924 proedicto,
1181 860 1298 926 praeter

188 951 271 1011 quem
287 952 375 990 nouus
387 944 436 991 aut
455 933 527 990 alius
550 929 716 990 Iudaeorum
737 929 862 990 Messius
892 949 947 988 nou
971 941 1050 989 esset
1070 931 1294 1008 exspectandus,

176 1013 325 1085 haberet,
355 1015 494 1092 quomodo
514 1013 624 1074 taudem
647 1014 694 1072 illc
715 1011 862 1089 disciplina
882 1011 1011 1070 Mosaica
1038 1023 1113 1072 totus
1136 1034 1247 1074 mersus
1266 1025 1298 1074 et

187 1115 340 1176 germanus
360 1097 480 1156 Iudaeus
503 1087 649 1176 usquead
672 1097 748 1154 ritee
769 1095 852 1154 linem
875 1095 960 1152 luerit
982 1096 1036 1170 (ci.
1061 1116 1089 1174 p.
1115 1100 1169 1156 tes.
1193 1117 1222 1175 p.
1242 1102 1293 1158 tes.
1366 1131 1367 1148 ι

187 1189 247 1240 uot.
270 1179 340 1264 ts),
364 1181 411 1259 qui
431 1181 524 1259 potius
547 1198 600 1238 uec
622 1178 745 1238 Iudaeus
774 1197 827 1236 nce
849 1175 1029 1237 Christianus
1055 1177 1156 1238 esset‘l
1198 1178 1296 1252 Quou-

144 1265 150 1282 '
185 1280 267 1340 quam
292 1281 327 1320 ue
348 1261 430 1322 Iesus
453 1261 563 1340 quidem
587 1272 718 1340 tunquam
738 1258 904 1320 Iudaeorum
922 1259 1047 1318 MessIas
1078 1263 1222 1320 satisfecit
1247 1261 1296 1321 de·

186 1344 344 1402 licatissimi
374 1344 481 1411 fastidii
509 1344 641 1422 losepho.
686 1344 759 1403 Nutu
792 1361 818 1420 p.
850 1347 901 1404 te.
930 1343 1185 1402 Schoedelr'us
1211 1347 1321 1414 etiam,

134 1471 139 1478 .
185 1425 257 1484 hoec
284 1425 380 1486 addit:
419 1428 639 1504 „Quomquanr‚
670 1446 742 1504 quse
772 1443 839 1484 uera
870 1425 957 1484 luerit
983 1424 1098 1502 Iosephi
1126 1425 1161 1484 de
1182 1425 1296 1486 Messie

185 1527 268 1586 spes,
299 1510 481 1586 ignoremus,
507 1521 603 1580 tumen
627 1507 710 1578 inde,
741 1505 814 1585 quod
837 1507 938 1566 nullius
962 1509 1110 1578 meminit,
1139 1527 1294 1586 perquem
1323 1525 1328 1528 ·
1368 1526 1369 1582 ι

184 1588 359 1669 disciplinam
388 1591 545 1652 Mosaicam
575 1601 812 1660 consummatum,
841 1607 965 1667 suaeque
992 1591 1098 1647 cationi
1128 1591 1291 1650 folleitatem
1368 1587 1369 1634 l

133 1683 137 1692 ⁴
184 1691 276 1750 ueque
298 1674 453 1752 eugendum
476 1675 595 1753 amplius
618 1693 710 1751 neque
729 1674 903 1730 interiturum
917 1669 1037 1750 unquam
1056 1684 1196 1736 ostensum
1211 1685 1291 1736 certe

184 1765 214 1814 ct
234 1755 354 1816 ollulam
377 1776 442 1828 esse
466 1759 527 1836 ipse
545 1755 715 1824 crediderit,
741 1755 891 1814 desiderils
911 1749 983 1825 sees,
1006 1756 1153 1832 qrtuelrhet
1163 1754 1289 1833 suerint,
1331 1788 1334 1798 ·

184 1858 246 1896 cum
267 1841 418 1910 eccidisse,
444 1852 523 1898 recto
542 1837 745 1898 concludimus.
791 1835 849 1894 Sed
872 1855 954 1914 quum
976 1831 1097 1916 βιβαιὸν
1113 1832 1166 1898 τὸν
1180 1859 1293 1916 rupemq-
1369 1830 1370 1908 l

183 1915 266 1980 τιιιὸν
286 1917 320 1982 λ’
339 1944 374 1982 ον
396 1922 531 1993 haberet,
562 1925 659 1998 lepore
678 1921 742 1997 spei
758 1921 881 1978 collecto
897 1919 1075 1998 fruguum,
1104 1923 1291 1998 tranquillato
1369 1915 1370 2002 ]

183 2005 290 2074 one'mo,
304 1943 361 2082 odd]
390 2007 545 2081 sedatoque
560 2007 665 2062 nrinrize
687 2013 716 2060 et
733 2000 829 2078 sulcos
850 2005 1073 2079 emspcetotthms
1095 2013 1223 2074 tonsure,
1248 2001 1293 2076 lad
1369 2005 1370 2092 l

134 2137 136 2151 ,
183 2085 273 2146 Iesum
296 2086 408 2156 retulit,
433 2107 469 2148 ne
490 2105 597 2146 omnem
618 2103 693 2162 spem
712 2086 873 2160 perdidisse
892 2085 1220 2155 duodecicimum,
1243 2106 1297 2146 nee
1369 2115 1370 2130 ι

183 2167 313 2226 ludendo
335 2171 484 2247 prophetis
499 2168 580 2246 stdes
595 2167 839 2244 prolaberetur.“
882 2165 923 2234 Et
944 2187 971 2244 p.
996 2167 1294 2243 euphemianum

182 2251 307 2309 Messrire
333 2262 433 2324 uetus,
463 2271 518 2310 neu
546 2267 661 2323 omnes,
685 2252 751 2308 Iesu
778 2251 939 2310 conuenisse
967 2247 1104 2326 losephus
1133 2248 1296 2310 credidisse

183 2327 296 2390 dicitur.
341 2333 371 2390 Is
392 2354 460 2394 vero
481 2333 620 2410 Iosephus
644 2333 771 2390 veritatis
790 2351 887 2390 emaus
912 2332 1018 2400 luerit,
1036 2341 1085 2390 aut
1106 2331 1131 2388 si
1156 2332 1228 2402 tuit,
1250 2333 1296 2391 le-

182 2431 242 2473 sum
261 2409 313 2475 cdo
334 2411 460 2494 Χριστὸν
481 2416 648 2492 simpliciter
668 2415 863 2492 appellaverit,
887 2414 954 2494 quio
978 2415 1079 2484 etium,
1102 2433 1166 2472 uum
1188 2417 1234 2484 vir
1260 2435 1297 2474 ιιιι

182 2493 252 2554 deus
275 2497 411 2556 dicendus
434 2500 481 2563 sit.
507 2495 700 2556 dubitaverit?
742 2495 849 2558 Credat
866 2495 1115 2573 IudaicusApellm
1140 2517 1196 2556 non
1220 2497 1292 2574 egel

180 2577 277 2656 tuque
298 2581 346 2638 vis
366 2579 526 2659 estquod,
549 2577 721 2658 quantopere
743 2581 853 2658 singula
875 2579 1033 2638 testimonii
1055 2578 1185 2638 Flaviaui
1208 2580 1298 2638 uerba

180 2661 265 2723 etium
279 2663 530 2722 Sclocdclr'us
545 2683 572 2740 p.
589 2667 639 2720 58.
654 2681 716 2739 sqq.
736 2666 762 2738 q.
781 2669 827 2720 te.
845 2672 954 2740 premat
972 2672 1001 2720 et
1020 2671 1163 2738 torqueat,
1185 2660 1297 2721 edisse·

180 2762 295 2815 ramus,
330 2745 399 2804 illud
429 2755 520 2804 eutem
545 2755 641 2804 tacere
669 2765 723 2802 uon
748 2763 909 2822 possumus,
933 2742 1087 2804 secuudum
1107 2745 1299 2808 Sedecdc·

179 2826 270 2886 lium
293 2833 331 2902 (p.
354 2829 423 2904 62.)
445 2826 598 2896 discrimen
621 2828 695 2885 inter
716 2823 772 2909 el'ye
796 2838 826 2886 ct
850 2826 929 2906 εἴπερ
950 2825 987 2884 de
1009 2845 1065 2904 quo
1092 2847 1122 2904 p.
1147 2832 1209 2884 ste
1230 2846 1294 2905 sqq.

60 2975 63 2984 ι
178 2904 257 2980 dini,
291 2911 406 2986 lenguae
437 2909 547 2986 quidem
574 2911 662 2986 genio
690 2912 899 2971 conuenientius
926 2929 988 2968 esse
1000 2949 1011 2979 ,
1045 2907 1095 2970 sed
1125 2910 1298 2970 testantibus

74 3053 80 3062 s
179 2991 393 3068 leethogrophr's
422 2989 501 3072 (il)
531 2990 684 3050 secundum
717 2993 853 3070 loquendi
881 3011 960 3050 tuum
991 2991 1048 3073 εἴγε
1075 2991 1235 3068 siguificare
1264 2993 1298 3050 εἰ

177 3073 272 3144 modo,
295 3077 325 3132 sr'
341 3076 428 3152 qnid,
452 3073 531 3154 εἴπερ
553 3093 622 3132 roro
643 3075 796 3150 siquidem,
822 3076 964 3152 quonium.
1011 3073 1131 3132 Scilicet
1149 3073 1294 3152 excogita·

177 3154 218 3210 rit
239 3154 351 3235 quidem
374 3167 401 3214 ct
421 3157 501 3214 linxit
523 3155 672 3233 ingenioso
692 3159 929 3216 Hermotimus
950 3154 985 3214 ad
999 3157 1103 3234 Vigor.
1124 3177 1150 3231 p.
1163 3161 1228 3211 833
1241 3173 1291 3232 sq.

177 3233 332 3303 discrimen
353 3235 438 3308 illud,
462 3237 594 3316 loquendi
616 3237 937 3298 autcm'consuetudIue
962 3240 1040 3297 uullo
1062 3235 1296 3314 modc‘compro·

176 3315 277 3378 hatur!
322 3313 459 3394 Quamvis
482 3331 574 3379 autem
597 3318 725 3396 cupidius
747 3312 854 3399 negare
875 3322 976 3390 uelim,
1006 3320 1080 3399 quod
1099 3320 1291 3380 Schoedel.

176 3401 292 3459 minime
315 3403 463 3481 probarit,
486 3405 633 3480 Iosephum
656 3423 712 3462 nou
733 3403 893 3464 accuratius
908 3403 1077 3462 distinxisse
1096 3401 1153 3483 εἴγε
1168 3413 1199 3478 qt
1213 3399 1297 3481 stem

176 3481 228 3542 sed
252 3484 318 3542 illud
342 3505 405 3544 eum
430 3487 482 3544 hoe
505 3483 686 3556 confudisse,
714 3497 745 3544 ot
773 3487 901 3566 quemvis
923 3505 975 3564 per
996 3467 1064 3544 illdd
1086 3485 1145 3566 elye
1165 3483 1298 3544 duhitero

175 3567 304 3644 potuerit
329 3567 489 3646 Iosephus,
519 3588 583 3626 uum
607 3567 690 3626 horno
710 3588 745 3628 uu
775 3567 844 3626 deus
869 3567 1007 3627 dicendus
1034 3569 1073 3626 sit
1093 3569 1195 3638 Iesus,
1225 3585 1299 3644 quo·

175 3647 260 3706 modo
284 3647 394 3722 taudem
417 3651 587 3710 conveniunt
609 3651 736 3725 proxime
759 3651 845 3710 verha
874 3641 913 3726 ἦν
935 3645 991 3731 γὰρ
1008 3647 1186 3730 παραδόξων
1203 3648 1300 3730 ἔργων

173 3724 308 3810 ποιητὴς,
323 3728 496 3804 διδάσκαλος
509 3727 692 3811 ἀνθρώπων,
707 3739 766 3794 τῶν
783 3727 877 3816 ἡδονῇ
897 3727 1015 3811 τάληθῆ
1029 3731 1190 3811 δεχομένων
1198 3731 1223 3807 Ἰ,
1237 3732 1296 3808 Igi-

174 3822 224 3870 tur
245 3815 310 3890 quin
334 3815 415 3874 Iesus
446 3815 624 3877 admirabilia
647 3816 736 3887 iecit,
769 3816 898 3873 homiues
921 3815 1023 3894 cupide
1048 3835 1134 3883 vera,
1150 3815 1291 3893 accipien-

173 3904 221 3952 tes
236 3895 370 3966 instituit,
395 3899 549 3957 nesciverit
570 3897 718 3976 Iosephus,
744 3898 865 3956 hominis
879 3917 914 3962 nu
935 3897 981 3956 dci
999 3893 1291 3976 appellationemlcsu
1367 3943 1372 3952 .

172 3977 389 4058 tribuente)
434 3981 515 4056 Quae
545 3991 639 4040 auteur
665 3989 825 4060 praetereo
847 3981 965 4060 oppouit
992 3991 1107 4042 uestrae
1133 3977 1296 4040 sententiae

181 4119 457 4138 -U—n-—un—u-

241 4202 255 4232 *
288 4201 417 4256 Nimirum
437 4199 490 4252 hoe
512 4197 691 4250 minuretism
706 4203 794 4250 estex
809 4163 948 4252 Schoedelii
965 4199 1091 4268 opinione
1108 4213 1185 4266 quarn
1200 4161 1300 4248 ιίἰιίιιι

193 4265 306 4319 uandsur
323 4267 438 4320 humarus
451 4265 581 4318 maiorem
592 4265 727 4348 trihuipset
740 4267 799 4318 lesu
811 4266 953 4354 Iosephus,
965 4267 1010 4334 qui
1026 4263 1192 4346 Antiqqqlll.
1201 4261 1248 4346 ι15,
1267 4263 1300 4315 3.

193 4331 303 4388 odiose
319 4335 499 4404 profiteelutr,
516 4334 564 4404 eol
590 4336 680 4386 nollo
701 4331 757 4406 μὲν
781 4335 830 4388 καὶ
856 4337 926 4390 ulie
950 4337 1083 4406 reepqplrt
1110 4328 1302 4400 ιηςύπὲρ

1281 4541 1341 4557 --Q
