2728 4908
200 221 266 291 228
554 205 740 279 EUSEBH
759 205 990 276 PAMPHILl

201 389 237 459 erl
254 391 306 456 καί
328 383 472 468 οἷοφαλῶς
492 382 655 468 ἱδρυμένον
675 382 727 446 lul
748 385 793 464 aqi
824 381 958 469 θεμελίῳ
986 379 1048 446 τοῖν
1076 373 1266 445 insaniisse
1294 379 1358 441 καί

204 497 256 564 καί
276 488 453 579 θροηηιοῖκ,
481 487 568 561 ὄντος
585 484 814 592 ιοἰιιρογωνιιιίοο
834 487 925 549 λίθου
948 481 1044 554 αὐτοῦ
1059 481 1166 562 'Ipnoi
1174 477 1360 569 Χριστοῦ,

200 672 436 708 Μ

160 767 165 774 ’
202 786 307 854 pidtbss
332 789 466 834 smitam.
501 775 751 837 Gbristopbursonns
768 783 859 824 autent
882 773 1091 837 interpretaturi
1125 778 1169 824 lde
1183 773 1256 824 vias‘s
1277 772 1360 820 s'ssee·

205 872 367 936 dentibusque
391 867 420 916 in
439 873 509 912 terra
534 860 676 926 lapidibus.
712 860 769 922 Ego
793 875 825 908 ex
847 859 912 910 vinis
923 859 1061 928 firmisque
1077 859 1210 926 lapidibus
1226 868 1359 906 vertere

205 956 295 1010 malui.
330 955 423 1012 Neque
441 948 511 997 enim
527 945 647 1006 intelligo
664 945 887 1004 quomodoprobe
904 946 1011 993 tundata
1028 945 1062 994 sit
1078 947 1179 1004 domus,
1190 943 1214 992 si
1231 942 1360 1002 lapides

205 1043 339 1090 incedunt.
376 1037 477 1084 Eadem
502 1046 555 1080 vox
579 1027 690 1078 occurrit
716 1028 784 1076 inire
802 1042 885 1088 prope
904 1029 985 1080 linem
1001 1030 1079 1078 baius
1097 1045 1155 1090 cap·
1175 1025 1287 1086 ζῶντας
1309 1023 1360 1072 καλ

207 1121 352 1192 βεβηκότας
369 1117 412 1168 καὶ
430 1113 548 1179 εὐπαγεῖς
565 1111 617 1160 τῶν
634 1111 726 1175 ψυχῶν
744 1099 850 1166 lidiae.
885 1114 938 1162 ssu
962 1114 991 1162 in
1015 1115 1057 1164 bit
1080 1115 1165 1163 lector
1190 1115 1272 1174 quod
1294 1127 1360 1160 nra·

206 1211 289 1260 luerit
313 1208 404 1269 eliget.
439 1205 532 1262 Neque
559 1200 631 1249 eninr
657 1197 885 1258 christophorsoni
902 1197 1148 1278 interpretationem
1164 1199 1209 1246 bie
1227 1200 1354 1246 amno.

212 1296 290 1366 Quod
307 1306 370 1342 vero
389 1293 464 1338 bueo
470 1289 551 1342 rerba
567 1283 605 1347 τῷ
623 1280 825 1348 θιολοηουμίνῳ
844 1284 877 1331 de
895 1281 998 1334 cbristo
1016 1271 1126 1343 aceepit,
1146 1282 1260 1332 omnino
1280 1295 1349 1341 pro-

207 1383 271 1428 bare
293 1391 348 1426 non
373 1387 486 1436 possunt
521 1371 587 1418 Nam
612 1369 742 1418 Eusebius
769 1369 847 1429 paulo
870 1377 929 1428 post
951 1367 1014 1416 dicit
1039 1367 1170 1416 Christum
1186 1381 1247 1414 esse
1268 1365 1353 1412 illins

207 1462 301 1524 templi
318 1460 435 1522 lapideas
453 1459 615 1518 angularem.
651 1453 733 1516 igitur
749 1455 827 1500 deum
844 1465 947 1511 patrem
963 1451 1006 1499 bio
1022 1451 1168 1514 intelligit,
1192 1450 1241 1512 qui
1272 1460 1352 1499 tent-

208 1547 249 1611 pli
270 1545 406 1607 inspector
432 1541 476 1590 sit.
511 1537 726 1602 Hieronymus
717 1553 747 1586 tn
772 1551 831 1597 cup.
857 1537 885 1586 2.
901 1535 1004 1599 Δημοῖ
1021 1535 1166 1600 βιβηκότας
1183 1532 1292 1589 λίθους
1312 1535 1356 1582 its

208 1631 304 1682 vertite
341 1631 430 1693 Neque
455 1623 523 1671 enim
546 1621 689 1686 putandam
712 1630 748 1670 est
775 1621 849 1667 deum
874 1637 938 1668 aare
963 1629 987 1668 et
1010 1622 1119 1684 gematis
1135 1617 1356 1682 aedificatarum

209 1714 385 1769 Hierusalem,
404 1719 428 1758 et
444 1723 496 1756 nott
512 1707 576 1755 vittis
591 1707 720 1770 lapidibus
736 1705 782 1772 qai
797 1720 864 1752 nm
879 1705 1013 1754 υοίνιικίιιι·
1028 1721 1102 1770 supet·
1118 1715 1226 1754 tmen.
1246 1706 1354 1753 Verba

210 1809 269 1852 sunt
294 1795 438 1845 Zachariae
461 1807 519 1852 cup.
547 1793 574 1846 9,
603 1787 680 1838 λίθοι
698 1785 769 1854 ἅγιοι
786 1789 919 1838 suttona
942 1789 982 1838 tal
999 1789 1047 1854 γῆς
1064 1787 1156 1840 αὑτοῦ.
1190 1792 1238 1838 Au
1257 1803 1354 1849 quent

208 1888 297 1934 locum
314 1879 408 1928 alludit
425 1875 678 1938 idemHierunymus
695 1875 723 1924 iu
742 1855 852 1936 epistole
870 1877 1079 1926 adEustoobinm
1096 1879 1129 1926 de
1147 1874 1270 1923 custodie
1292 1873 1354 1920 vir-

211 1967 288 2030 gime
324 1969 461 2029 Postquam
478 1960 509 2008 de
525 1959 625 2007 duritia
642 1959 774 2007 nationum
788 1960 909 2023 generali
924 1969 984 2008 saal
993 1960 1055 2022 filii
1068 1958 1216 2010 Abrabamt'
1224 1991 1234 2018 ‚
1255 1973 1355 2021 eoepe-

211 2031 373 2098 molestati
388 2047 487 2111 lapides
503 2044 569 2092 volni
585 2059 659 2107 saper
677 2053 780 2092 terram.
816 2045 850 2093 Et
867 2045 895 2092 in
913 2045 1045 2106 epitaphio
1071 2047 1188 2092 Paulaet
1226 2041 1354 2094 Nolebat

211 2133 240 2182 in
265 2134 304 2182 lst‘s
325 2131 455 2198 lapidibus
477 2128 610 2193 pecaniam
636 2128 783 2193 ffassdure,
810 2131 855 2196 qui
877 2146 934 2176 eam
956 2137 1027 2179 iet-ro
1052 2137 1076 2176 el
1100 2129 1183 2177 seculo
1198 2124 1355 2174 transituri

211 2227 286 2278 sunt,
309 2217 355 2266 sed
378 2217 407 2264 io
424 2213 489 2264 vivis
505 2211 634 2277 lapidibus
650 2214 697 2278 qai
710 2215 845 2263 οοίυκνιίιο·
860 2221 1058 2278 superterram.
1095 2211 1231 2270 [Maenali
1255 2211 1352 2259 inter·

160 2279 164 2301 ¹
213 2303 386 2365 pretationem
410 2300 485 2348 verbi
510 2294 659 2362 βιβηκότων
685 2299 803 2360 ineptam
825 2313 899 2359 esse,
924 2313 972 2360 per
989 2313 1035 2359 se,
1054 2302 1147 2360 eredo,
1162 2297 1360 2358 intelligitur„

213 2390 265 2438 Sed
283 2383 510 2445 christophorsoni
529 2383 608 2446 etiam
627 2399 672 2432 our
688 2384 832 2434 reiiuienda
849 2384 901 2443 sit,
930 2397 964 2432 ex
986 2383 1018 2431 iit
1037 2394 1108 2432 uerte
1125 2396 1192 2444 qnae
1209 2381 1360 2430 Valesius*

213 2471 355 2527 annotarit,
374 2469 422 2516 vix
440 2479 575 2530 appareat,
611 2469 689 2537 Quod
706 2469 777 2517 enim
794 2469 857 2518 dicit
874 2469 909 2518 V.
921 2470 1003 2526 D.‚se
1020 2483 1073 2520 non
1090 2467 1254 2529 intelligere,
1274 2481 1348 2527 quo·

213 2559 291 2604 ruodo
308 2558 389 2615 probe
406 2555 516 2600 lundata
533 2553 567 2600 sit
585 2556 689 2611 domus,
708 2553 729 2600 si
747 2554 848 2624 lapides
866 2554 1002 2612 incedant,
1029 2567 1061 2602 eo
1086 2553 1174 2614 ipsunt
1191 2553 1349 2602 ostendisse

212 2648 278 2699 puto
288 2669 296 2695 ‚
314 2651 342 2686 se
360 2652 414 2686 uon
431 2637 492 2684 satis
509 2637 675 2698 perspexisse
692 2639 781 2686 locunt
799 2639 921 2698 Eusebii,
946 2638 991 2698 qui
1009 2652 1072 2698 quot
1090 2635 1186 2692 λίθους
1203 2637 1232 2686 in
1250 2649 1347 2686 menta

212 2721 350 2781 babuerit,
368 2721 510 2769 videndum
527 2731 576 2770 est.
611 2721 668 2768 lent
685 2736 749 2772 veru
767 2739 825 2772 eum
843 2737 878 2772 ex
901 2723 1118 2782 praecedentibus
1137 2719 1204 2780 ,τόν
1230 2722 1346 2787 inspu-

211 2823 277 2872 χον
303 2801 436 2855 πάντων
463 2801 552 2870 ἡμῶν
569 2800 654 2852 ναόν
672 2817 698 2854 et
716 2821 751 2855 ert
768 2807 937 2867 sequentibus
954 2808 1041 2856 verbis
1058 2806 1154 2858 τοῦτον
1172 2806 1205 2874 δὴ
1223 2804 1271 2860 οὖν
1292 2807 1344 2858 τόν

213 2891 248 2950 ἐξ
265 2887 359 2956 ἡμῶν
377 2885 490 2938 αὐτῶν
508 2891 722 2954 ἐπεσκευασμένον
741 2889 871 2950 ζῶντος
888 2891 975 2941 θεοῦ
995 2890 1107 2951 ζῶντα
1131 2891 1231 2960 ναόν,
1256 2899 1345 2944 dnon-

212 2981 301 3027 lenter
317 2986 455 3038 appareat,
474 2991 533 3026 cunt
549 2974 639 3030 λίθοις
657 2990 716 3028 eunt
733 2979 760 3026 b.
779 2980 799 3029 l.
818 2993 982 3040 comparasse
999 2980 1128 3040 homiues,
1147 2993 1278 3042 qnatenus
1299 2981 1343 3030 illi

213 3062 374 3112 constituant
391 3061 529 3110 ecelesiam
548 3078 564 3111 u
582 3063 684 3112 cbristo
701 3063 846 3122 fundarent,
856 3078 904 3124 per
920 3078 949 3113 se
963 3066 1082 3126 prolecto
1099 3070 1174 3114 nulla
1192 3081 1270 3116 eausa
1289 3076 1343 3126 est,

214 3163 262 3196 ont
286 3161 341 3196 non
362 3155 390 3194 ut
413 3141 504 3203 ζῶντες
528 3147 565 3196 ite
590 3144 730 3212 βεβηκότες
747 3148 764 3196 i.
784 3162 809 3198 e.
833 3147 976 3198 insedentes
998 3148 1075 3198 λίθοι
1094 3151 1213 3206 ¹bosstissss
1236 3153 1343 3213 possint

190 3251 193 3254 ·
214 3231 275 3282 diei.
312 3231 352 3280 Gi.
372 3232 457 3280 Galat.
476 3233 513 3289 11,
532 3234 565 3281 19
582 3259 616 3272 -
632 3233 675 3282 22.
695 3235 710 3280 1
728 3234 799 3281 Petr.
817 3233 854 3296 ll,
872 3233 899 3284 5.
935 3236 973 3282 At
989 3235 1159 3286 nibilominus
1175 3236 1234 3297 ipse
1252 3238 1341 3287 Vale-

214 3314 246 3364 sii
267 3313 514 3376 interpretationem
544 3319 746 3378 praeferendam
770 3305 853 3377 puto,
880 3303 966 3378 idque
980 3330 1121 3380 propterea
1147 3322 1208 3380 qnia
1225 3322 1358 3396 interius*

213 3397 271 3460 ipso
288 3397 337 3448 illo
354 3403 429 3459 loco,
448 3414 527 3460 quent
543 3401 595 3448 inm
614 3401 771 3464 significarit
788 3401 925 3464 Valesius,
943 3399 1087 3468 βεβηκότας
1116 3401 1212 3461 λίθοις
1228 3409 1275 3456 vix
1292 3409 1338 3458 in·

213 3483 352 3542 terpreteri
375 3499 512 3544 possamus
534 3483 674 3534 incedentes
692 3483 811 3548 lapides,
834 3486 887 3537 into
910 3487 948 3536 ibi
964 3489 1067 3538 stabiles
1082 3500 1182 3540 tanturn
1198 3493 1340 3554 iuterpre-

214 3570 322 3615 tandum
347 3581 404 3616 esse
427 3584 486 3617 eunt
502 3569 625 3630 Valerio,
644 3569 706 3618 setis
730 3580 850 3631 apparet.
886 3573 954 3620 Nam
971 3574 1087 3634 quemvis
1103 3575 1141 3624 ibi
1159 3591 1264 3640 qnoque
1280 3595 1339 3630 non

215 3652 249 3699 de
265 3651 396 3711 lapidibus
414 3653 458 3712 qui
476 3655 583 3714 proprio
600 3668 677 3702 senen
694 3654 828 3714 dicuntur,
848 3657 1014 3718 cogitandum
1031 3661 1079 3720 sit,
1106 3663 1153 3708 sed
1173 3664 1261 3722 potins
1278 3666 1338 3714 uni·

215 3748 271 3782 nuos
288 3736 424 3784 bominum
441 3752 499 3786 eum
512 3740 643 3799 lapidibus
660 3742 800 3788 contendat
810 3740 936 3816 Eusebius
949 3753 975 3791 et
988 3747 1068 3792 verba
1085 3743 1255 3810 πανταχόθεν
1271 3747 1336 3806 τοὺς

215 3813 311 3876 ζῶντας
329 3845 361 3857 -
378 3846 409 3858 -·
427 3821 470 3870 καὶ
476 3818 604 3887 sisarae
620 3821 672 3872 τῶν
688 3822 790 3886 ψυχῶν
796 3823 891 3882 λίθους
909 3807 1024 3894 ίγκηίκας
1040 3834 1166 3882 vertenda
1183 3833 1250 3884 tiutt
1276 3835 1337 3884 aui·

214 3919 268 3951 snos
290 3904 406 3964 undique
431 3907 506 3972 quasi
527 3912 652 3969 quosdam
676 3909 802 3960 tivos-
818 3921 845 3960 et
862 3897 951 3962 brutos
968 3915 1068 3976 lapides
1085 3916 1200 3977 nudique
1218 3919 1336 3981 seligens

215 3987 268 4044 (ol.
288 4003 356 4047 quaa
373 3975 462 4038 moitui
480 3995 513 4038 ad
530 3994 627 4042 Enseb.
646 3995 685 4044 H.
704 3992 737 4044 Ε
756 3994 795 4060 V,
808 3995 843 4044 at
858 4007 915 4048 not.
934 3999 1011 4057 1οη)
1027 4008 1114 4048 tamen
1131 4005 1263 4060 quamdo
1279 4005 1335 4053 En-

212 4070 300 4120 tebins
315 4071 338 4120 si
355 4077 397 4120 vel
413 4073 582 4136 ineptissimis
599 4077 662 4125 alibi
680 4093 740 4126 eurn
757 4079 795 4126 nti
813 4085 958 4132 consedere
973 4085 1057 4134 velles
1073 4083 1277 4148 inanisinanes
1292 4088 1333 4138 in·

212 4158 335 4206 uadentes
360 4171 382 4207 s.
401 4169 491 4208 euntes
508 4160 608 4222 lapides
625 4161 724 4210 animos
740 4163 874 4234 bominum
889 4166 940 4214 sibi
957 4168 1073 4244 cogitare
1094 4171 1228 4236 potuerit,
1254 4187 1331 4224 uento

212 4239 289 4290 laeile
317 4241 433 4304 dixerit,
456 4243 509 4308 nisi
533 4245 603 4296 iorte
626 4245 679 4295 τῶν
696 4244 787 4313 ψιχῶν
804 4251 837 4300 de
855 4237 1028 4302 bominibas'
1019 4267 1048 4305 tn
1064 4254 1217 4305 universum
1233 4256 1330 4310 diotnn
