2690 4910
72 485 77 495 ι
155 486 183 524 v,
207 461 257 520 ΙΙΙ.
279 455 347 538 βίου
367 473 423 514 om.
447 451 488 512 Η.
514 465 673 528 perperam.
698 477 739 492 -
767 463 796 524 p.
818 447 871 504 ΩΙ.
898 464 926 506 r.
950 451 981 506 t.
1003 443 1136 526 ἐρημίαις
1157 445 1199 508 G.
1223 447 1264 506 Η.

157 541 319 605 normale.
363 557 391 596 v.
407 543 438 594 7.
459 529 546 604 ὅλους
566 553 623 590 oro.
646 527 683 588 Ε.
708 523 794 592 habet
815 529 891 604 tteg.
914 538 945 588 et
963 527 1000 587 P.
1022 531 1052 588 in
1077 549 1170 606 marg.
1194 527 1273 590 ἔκδε-

157 619 282 696 deradere
309 618 348 680 E.
377 619 415 680 G.
444 617 484 676 Η.
514 615 538 674 Ι.
565 613 602 674 ΙΙ.
633 622 662 670 et
690 613 811 672 fortasse
834 609 911 688 [teg.
962 630 990 670 v.
1016 617 1048 670 9.
1085 616 1160 672 πᾶσι
1193 611 1270 689 Reg.

156 709 196 769 Ε.
221 717 277 766 οΙο.
309 707 371 773 τοῖς
392 723 423 762 π.
445 699 524 758 Mae.
547 697 585 756 G.
610 695 650 756 Η.
674 694 698 752 Ι.
725 692 763 752 ΙΙ.
798 693 879 754 Bart.
914 703 944 752 et
972 689 1038 774 παρ’
1069 689 1172 765 αὐτοῖς
1198 695 1270 755 Sav.

158 781 262 864 „unde
285 787 426 862 suspicor,
450 781 540 860 inquit
563 779 669 848 Burt,
692 786 722 836 ot
747 777 794 856 [t]
816 773 901 836 etiam
923 775 961 834 B.
986 774 1025 843 ΙΙ.
1058 775 1155 854 [Med.
1180 775 1272 856 Fut]

147 875 255 951 ‘legunt
275 867 319 948 [i]
340 873 413 938 τοῖς,
435 863 560 942 quereris
583 870 675 924 rorem
697 859 825 920 Vater.‘'‘
844 893 883 907 -
908 879 936 936 p.
960 861 1012 918 22.
1036 878 1064 916 v.
1084 865 1115 920 2.
1138 856 1275 924 ἐκΙπᾶι..

51 957 57 968 ’
158 977 216 1017 τιον
228 947 390 1027 θεόνΙΙος.
409 945 490 1008 Med.
516 944 596 1006 ttrz.
613 941 687 1001 Fut.
706 941 775 1000 Sor.
793 941 830 1000 G.
851 939 932 1002 Rurt.
958 938 1089 1002 ertator
1102 942 1176 1019 ,sine
1197 939 1274 1004 θεὸν

76 1053 80 1060 ’
158 1037 196 1098 Ε.
219 1035 260 1094 Η.
282 1033 307 1092 Ι.
330 1031 369 1106 ΙΙ.
414 1030 447 1089 lo
473 1029 550 1106 tteg.
579 1024 664 1084 υΙΡ.
688 1018 761 1086 θεὸν
787 1025 1011 1101 suprascriptum
1032 1033 1077 1082 est
1102 1019 1275 1095 οῑπάυιων
1343 1062 1344 1069 ,

161 1139 198 1180 ex
216 1117 350 1176 erasioae
371 1111 541 1172 eorieotum.
561 1110 707 1185 πολεμεῖν
726 1106 804 1183 Reg.
827 1103 909 1166 mot.
933 1105 1014 1166 Mae.
1036 1105 1113 1164 rot.
1138 1105 1178 1164 Ε.
1203 1108 1271 1168 Sar.

161 1201 200 1260 G.
223 1199 264 1258 Η.
289 1197 313 1256 Ι.
337 1195 375 1254 ΙΙ.
420 1194 520 1252 Statim
543 1201 606 1269 post
628 1184 670 1266 ἐφ’
697 1185 751 1260 οὕς
768 1192 872 1250 τοῦτον
894 1185 1009 1260 ἑαυτοῖς
1031 1199 1088 1248 eto.
1105 1189 1213 1268 inepte
1233 1187 1273 1249 E.
1343 1206 1345 1227 Ι

24 1265 29 1278 ’
160 1283 196 1342 Ρ.
213 1279 287 1360 Cpb.
307 1295 432 1357 quoque,
454 1270 496 1352 ἐφ’
513 1268 559 1345 οΙς
571 1276 674 1334 τοῦτον
689 1269 802 1342 ἑαυτοῖς
821 1271 859 1330 G.
884 1281 914 1330 et
934 1263 973 1330 ii}
995 1269 1150 1330 seeundum
1174 1273 1273 1333 eoliat.

162 1365 254 1424 Groo.
288 1361 339 1420 sed
362 1379 416 1418 oon
439 1357 544 1426 Bure,
573 1348 680 1424 αὐυοῦς
701 1361 765 1432 post
784 1357 996 1430 κατακλυσμοῖς
1024 1373 1081 1413 oor.
1105 1353 1131 1412 Ι.
1155 1353 1198 1415 Η.
1224 1375 1275 1435 pro

162 1448 373 1522 κατακλυσμοῖς
396 1435 502 1512 αὐτοὺς
523 1461 549 1502 κ.
565 1459 596 1499 π.
615 1437 656 1498 Η.
677 1430 880 1512 κατακλυσμὸν
901 1431 1069 1506 αὐτοῖςκαὶ
1088 1433 1278 1516 κυρκόλησιυ

163 1529 205 1589 Η.
234 1525 308 1586 idem
339 1543 407 1584 vero
434 1521 498 1582 eod.
530 1520 570 1580 H.
602 1529 638 1580 et.
654 1519 723 1580 Sar.
757 1537 873 1596 quoque
889 1511 999 1594 dp'oir
1018 1522 1123 1579 τοῦτον
1142 1517 1276 1594 ἑαυτούς.

163 1611 298 1670 Nostram
322 1605 357 1665 de
379 1605 407 1662 h.
426 1605 446 1664 Ι.
469 1603 636 1664 οοοΙοοΙΙοοι
657 1600 785 1680 probavit
808 1600 928 1660 Bortoo.
948 1619 1069 1678 quoque,
1094 1600 1146 1660 sed
1167 1612 1278 1664 temere

80 1745 85 1751 .
164 1691 285 1753 adiecitr
310 1687 436 1760 „Verba
461 1681 504 1762 ἐφ’
523 1679 569 1756 οἷς
581 1683 716 1748 Valesius
739 1684 826 1744 vertit
845 1701 928 1760 qrrem
948 1683 984 1742 ob
999 1702 1139 1744 oaorem.-
1163 1687 1274 1764 inquo,

165 1785 197 1834 ut
218 1775 330 1853 opinor,
355 1771 458 1830 errarit
484 1766 529 1850 [i]
554 1767 593 1830 V.
615 1766 682 1826 D.“
725 1785 752 1825 v.
776 1770 807 1826 5.
830 1760 939 1837 αὐτοὺς
961 1775 1025 1843 post
1044 1770 1141 1843 Ιιμοῖς
1156 1788 1188 1827 τε
1201 1769 1277 1828 iose-

166 1867 231 1916 ruot
251 1855 332 1915 ΙΙΙοκ.
356 1853 425 1912 Sar.
449 1852 488 1910 G.
517 1871 570 1910 aec
598 1859 751 1924 memet·
769 1847 905 1906 Rortoois
931 1849 1115 1920 eoaieoture,
1150 1851 1275 1910 tortasse

165 1937 320 1998 Eusebium
341 1937 381 1993 ita
402 1933 565 2011 seripsisse.
581 1927 667 1990 “Com
690 1931 764 1990 enim
786 1923 894 2001 αὐτοὺς·
914 1939 977 2008 post
996 1925 1114 1992 ἄνωθεν
1132 1944 1277 2004 recurrat,
1343 2000 1344 2007 ἵ

167 2022 229 2100 ipsa
252 2017 391 2094 insignior
411 2015 543 2094 repetitio
567 2011 695 2074 eiusdem
715 2012 843 2072 roeahrrii
866 2013 950 2072 ferite
972 2011 1117 2074 offendere
1142 2014 1280 2074 librarios

166 2102 267 2182 potuit.
312 2099 452 2174 Oraittoot
480 2107 572 2156 tameo
598 2090 705 2168 αὐτοὺς
731 2092 810 2172 fleg.
837 2093 876 2155 Ε.
907 2095 947 2154 Η.
976 2095 1002 2154 Ι.
1031 2095 1090 2166 ΙΙ.;
1132 2095 1276 2156 deMod.

167 2183 244 2244 Fut.
273 2179 342 2242 nihii
371 2200 404 2240 se
427 2179 532 2238 habero
559 2177 599 2236 ait
621 2177 703 2237 Rurt.
729 2181 768 2235 *m
793 2183 823 2236 e.
853 2171 963 2254 ὅτε-δὴ
985 2177 1061 2254 Reg.
1084 2177 1167 2237 Maz.
1191 2179 1277 2240 Med.

166 2265 243 2327 Fok.
267 2265 335 2325 Sar.
359 2259 407 2326 tter
429 2259 479 2323 καὶ
502 2259 596 2322 Ε.,(Ι.
620 2256 666 2322 ὅτι
688 2253 725 2338 δὴ
751 2257 801 2322 not
819 2259 860 2322 H.
881 2255 930 2320 ὅτε
953 2254 1057 2338 rideri
1075 2261 1100 2322 Ι.
1124 2260 1165 2321 Η.
1192 2261 1276 2323 [tort.

167 2370 196 2408 v.
220 2353 252 2406 9.
282 2340 370 2426 κόρος
390 2345 427 2404 G.
454 2345 493 2403 ΙΙ.
521 2361 630 2422 quoque
651 2352 679 2401 et
701 2352 779 2402 reete
801 2343 915 2402 retinuit
937 2341 1057 2405 Baeton.
1087 2365 1144 2402 nora
1168 2355 1277 2405 tantem

167 2441 285 2510 propter
306 2427 388 2488 codd.
412 2427 619 2496 auctoritatem,
644 2423 696 2484 sed
718 2425 784 2502 quia
804 2443 866 2484 eom
889 2425 1053 2504 metaphora
1076 2424 1111 2486 do
1134 2428 1298 2506 ebrietate¹

167 2514 294 2592 opprime
311 2519 468 2587 congruat.
485 2508 509 2566 Ι.
535 2505 572 2566 ΙΙ.
596 2507 670 2586 Cpb.
693 2503 791 2587 κάρος.
833 2527 861 2566 v.
887 2512 936 2568 ΙΙ.
956 2503 1169 2588 πρωτόκοισοος
1185 2511 1212 2568 Ι.
1235 2511 1274 2570 ΙΙ.

64 2599 69 2605 ’
167 2615 235 2674 ap.
262 2615 298 2652 m.
323 2603 380 2652 ete.
411 2585 594 2672 πρωυότοκος
618 2591 694 2667 Reg.
716 2589 755 2648 Ε.
778 2589 813 2649 G.
837 2587 935 2651 sehet.
954 2589 993 2650 R.
1011 2591 1046 2650 P.
1068 2589 1277 2673 moremati.

169 2675 336 2754 Christoph.
360 2675 431 2732 mire
454 2673 548 2732 vertit.
570 2675 667 2733 υκίοα.
690 2703 731 2718 -
753 2692 781 2750 p.
805 2677 856 2732 25.
881 2693 908 2732 v.
933 2677 961 2730 Ι.
985 2669 1034 2735 ὅτε
1048 2671 1101 2752 μὲν
1117 2707 1160 2720 ·-
1181 2671 1278 2738 ὅτεὺἑ

43 2776 52 2785 ·
167 2755 234 2819 lja
257 2778 315 2816 see.
342 2777 379 2816 m.
407 2773 451 2815 ·v.
480 2762 509 2812 7.
544 2753 592 2816 tut
620 2759 656 2838 τῇ
684 2751 764 2814 Med.
794 2753 875 2816 Maz.
905 2754 980 2814 Fut.
1011 2757 1080 2818 Sar.
1112 2757 1151 2817 G.
1183 2757 1276 2820 Varr.

45 2849 47 2853 ’
167 2839 262 2900 Leett.
286 2837 333 2897 ed.
358 2838 458 2916 Steph.
480 2835 555 2916 Cptr.
579 2847 634 2896 ete.
658 2835 706 2896 ἐπὶ
725 2841 780 2917 γῆς
801 2837 877 2914 Reg.
902 2833 938 2896 Ε.
955 2839 996 2897 Η.
1021 2839 1044 2896 Ι.
1069 2839 1107 2900 ΙΙ.
1129 2840 1168 2900 Ρ.
1193 2839 1276 2902 Burt.

152 2918 348 3002 ’προςανέχων
365 2919 439 2999 Cpit.
463 2921 540 2978 ieott.
573 2919 692 2980 Invitum
715 2919 862 2990 ee‘aVai.
884 2919 1024 2980 resedere
1048 2921 1076 2982 ir.
1093 2923 1126 2992 Ι.,
1151 2923 1275 2992 Baeton.

169 3007 222 3076 ait,
244 3003 292 3061 sed
312 3007 367 3084 γῆς
388 3003 561 3072 restituisse,
586 3003 684 3080 partim
708 3001 839 3062 oboodd.
854 3005 1062 3073 auctoritatem,
1085 3007 1190 3084 partim
1213 3009 1277 3085 quia

51 3136 58 3140 .
89 3091 93 3094 ’
169 3085 269 3170 {mirri
290 3085 442 3164 θεοσεβείυ
457 3081 639 3162 κροςοινὲχειυ
666 3085 712 3143 vix
734 3084 874 3144 Graecum
897 3087 956 3156 sit,
980 3087 1079 3164 partior
1099 3090 1166 3165 quia
1187 3090 1276 3148 mrito

140 3172 141 3186 ¹
169 3169 321 3246 proclivius
343 3168 418 3227 foret
437 3171 491 3250 γῆς
512 3186 564 3244 pro
585 3170 717 3250 rpiqoam
733 3171 769 3251 τῇ
784 3187 835 3246 pro
849 3171 904 3248 γῆς
919 3169 1061 3250 substitui.
1107 3169 1166 3229 Sed
1188 3170 1275 3231 redd.

112 3303 116 3318 .
168 3253 323 3310 auotoritas
347 3249 375 3310 h.
403 3251 422 3308 Ι.
447 3249 513 3306 mihi
538 3247 637 3308 eadem
661 3249 721 3308 fere
743 3269 809 3308 esse
829 3249 943 3310 videtur
964 3262 994 3310 et
1012 3271 1076 3312 orem
1097 3253 1275 3332 frequentias

130 3337 133 3342 '
168 3352 236 3392 sare
259 3333 328 3391 aiios
347 3329 530 3412 κροςονέχειυ
551 3332 684 3408 iungatur
703 3333 822 3410 simplior
845 3331 940 3392 dativo
960 3337 1274 3415 quam-'praepositioni

170 3413 233 3489 ἐπὶ,
267 3434 301 3473 ea
324 3416 387 3492 ipsa
406 3433 492 3471 eausa
514 3423 570 3486 est,
593 3433 645 3471 our
672 3415 758 3474 multo
789 3415 900 3474 taetrius
927 3415 1060 3475 librarios
1087 3422 1143 3498 γῆς
1167 3437 1219 3498 pro
1240 3421 1275 3502 τῇ

63 3569 66 3574 γ
169 3517 250 3574 quam
265 3499 302 3580 τῇ
319 3516 370 3574 pro
384 3501 438 3577 γῆς
453 3495 580 3554 seribere
600 3497 727 3572 potuisse
747 3496 963 3556 existimandum
986 3500 1036 3568 sit,
1060 3519 1113 3558 neo
1135 3501 1276 3580 quomodo

168 3579 266 3636 verbis
283 3582 404 3656 pero-
423 3579 560 3637 substitui
573 3581 627 3658 γῆς
647 3575 761 3636 defendi
785 3597 868 3656 posse
888 3578 1155 3653 creditororum,
1179 3583 1274 3642 video.

170 3659 272 3718 Statim
300 3671 363 3736 post
389 3657 463 3718 idem
493 3678 529 3717 ex
554 3659 630 3736 Reg.
653 3659 732 3718 Maz.
757 3659 824 3718 Sar.
849 3659 887 3723 G.
909 3661 1005 3738 (Med.
1029 3663 1104 3722 rut.
1129 3664 1174 3742 Ι.)
1198 3675 1276 3724 reete

61 3737 63 3742 ¹
127 3769 132 3775 f
167 3741 275 3820 primus
298 3740 377 3800 dedit
397 3737 543 3802 ἀνέκαθεν
560 3739 591 3814 ἐξ
609 3735 752 3822 Ἑβραίων
764 3737 881 3821 dudem.
927 3743 992 3804 Vri.
1017 3748 1158 3824 seriptora
1181 3757 1227 3806 est
1248 3749 1305 3805 in‘

45 3895 47 3902 ,
147 3823 206 3882 Έ·
232 3823 271 3882 Η·
294 3821 333 3880 Ιί-
377 3844 405 3888 v.
428 3829 458 3883 9.
484 3823 732 3907 ἐκδεδιῃτημέναις
750 3824 818 3883 Sav.
847 3823 1062 3910 ἒκὸιῃκημὲυοις
1075 3828 1113 3889 G.
1137 3827 1276 3895 ἐκδεδωι.

108 3917 115 3926 ‘
168 3903 301 4008 enpdvorg
323 3903 396 3964 Me.
443 3905 517 3966 Adri.
549 3909 671 3966 Salmas.
702 3908 729 3964 io
759 3916 830 3968 nott.
853 3907 894 3966 ad
922 3910 1066 3986 Spartiarr.
1099 3931 1128 3990 p.
1160 3915 1202 3970 28
1230 3931 1274 3990 sq.

167 3989 218 4050 door
240 3981 393 4068 προφήτου
416 3983 462 4044 Ε.
478 3989 514 4048 G.
536 3988 577 4048 Η.
600 3989 622 4048 Ι.
648 3987 686 4046 ΙΙ.
709 3987 792 4056 Burt.
820 3986 869 4050 διὰ
888 3995 940 4050 τοῦ
960 4013 990 4052 κ.
1014 3993 1088 4070 Reg.
1113 4013 1131 4052 a
1153 4013 1214 4054 seo.
1238 4015 1275 4054 ιο.

167 4068 248 4131 Maz.
273 4071 341 4130 Sar.
369 4067 466 4137 (Med.
491 4069 585 4147 rur.)
606 4081 635 4130 et
656 4072 684 4128 io
706 4070 742 4130 P.
765 4075 817 4132 rori
837 4091 980 4150 suprascr.
1004 4109 1047 4122 --
1067 4095 1096 4152 p.
1118 4080 1170 4135 ar.
1193 4097 1221 4136 v.
1247 4083 1274 4134 t.

169 4157 281 4233 νοητῶν
301 4149 340 4210 Ε.
364 4149 401 4210 G.
427 4151 466 4208 Η.
492 4149 516 4208 Ι.
540 4151 659 4213 [tete.
703 4173 731 4212 v.
756 4159 787 4211 2.
811 4149 868 4215 ἀλλ’
894 4149 930 4216 οὗ
949 4151 1000 4228 τὰς
1015 4157 1144 4238 ἐναργεῖς
1160 4158 1277 4237 κάοεδΙ·

99 4308 102 4314 1
161 4235 239 4296 dovr
254 4231 454 4314 μυστογοογίας
472 4231 509 4292 Ε.
525 4228 577 4306 τὰς
596 4253 653 4297 our.
669 4235 711 4303 Η.
730 4235 755 4296 Ι.
777 4235 816 4297 ΙΙ.
861 4257 889 4296 κ.
913 4244 944 4295 t.
968 4233 1092 4312 erio‘dooe
1105 4240 1133 4302 Ι.
1152 4227 1193 4299 Η.
1216 4240 1276 4302 διοι-

166 4315 321 4410 ὃεᾷομὲυης
345 4315 371 4376 Ι.
395 4335 411 4376 a
434 4335 494 4378 ree.
519 4336 557 4375 m.
571 4313 622 4378 Ἐ.
660 4338 687 4380 v.
707 4322 744 4428 Η.
766 4313 892 4398 πλήθεσι
913 4317 951 4380 Ga
996 4343 1031 4384 r.
1048 4327 1079 4384 6.
1098 4317 1277 4404 aipadpmord
