2690 4910
282 847 289 852 .
383 728 913 925 unoouhrum
1013 769 1144 845 11*

60 1097 237 1204 Novam
262 1149 367 1226 nuper
392 1104 558 1215 prodiisse
584 1133 714 1228 constat
738 1129 875 1195 Eusebii
901 1130 1059 1198 historiae
1088 1138 1198 1202 eccle-

62 1255 247 1344 siasticae
263 1253 449 1340 editionem,
471 1271 555 1336 quae
577 1254 626 1318 sie
649 1229 855 1320 inscribitur:
882 1252 1021 1320 Eusebii
1035 1231 1197 1344 Pamphili
1290 1336 1293 1341 ¹

65 1371 250 1436 historiae
277 1369 525 1436 ecclesiastieae
542 1369 634 1450 ‘libri
658 1362 790 1448 decem,
839 1368 893 1434 Ad
926 1347 1067 1437 codices
1081 1392 1198 1466 manu-

67 1486 232 1573 scriptos
266 1486 432 1552 recensuit
460 1487 631 1548 adoardus
653 1485 785 1562 Burtou,
811 1482 849 1550 S.
878 1485 918 1550 T.
936 1487 979 1550 Ρ.
996 1485 1065 1554 SS.
1083 1489 1196 1556 Theo-

64 1602 200 1690 logiae
227 1606 338 1688 suuper
363 1587 553 1666 Professor
579 1599 705 1688 regius.
754 1597 893 1690 Oxouii,
919 1620 939 1666 e
963 1603 1195 1694 typographeo

66 1717 274 1783 academico
300 1711 674 1786 Mucccxxxv111.'
704 1715 820 1800 ltaque
841 1694 1067 1804 supplementa
1093 1741 1195 1806 quae·
1293 1789 1296 1794 ,

68 1833 160 1898 darn
185 1839 333 1900 notarum
365 1833 408 1899 ad
439 1851 542 1898 meam
564 1830 701 1896 Eusebii
728 1831 886 1897 historiae
911 1832 1086 1899 editionem
1113 1855 1194 1902 cou—
1270 1805 1284 1817 ’

7 1990 11 1996 -
68 1951 251 2039 seribere,
292 1949 378 2016 haud
412 1951 552 2020 ahenum
582 1945 661 2012 mihi
692 1949 800 2012 visum
834 1953 886 2012 est
916 1949 975 2036 vei,
1004 1955 1193 2041 propterea,
1315 1935 1318 1950 '

69 2073 132 2155 ut,
156 2067 211 2152 qui
236 2069 308 2132 catu
331 2053 394 2132 sihi
409 2065 471 2160 yel
495 2070 652 2152 pararunt
676 2065 731 2130 vel
755 2065 894 2152 posthac
913 2066 1085 2154 parabunt,
1111 2066 1203 2132 nihii

69 2157 316 2250 desiderarent
356 2181 443 2268 quod
483 2182 610 2248 inesset
646 2182 680 2245 iu
714 2165 918 2246 Burtouiuna
949 2187 983 2246 et
1015 2181 1077 2246 hac
1117 2183 1192 2270 ipsa

69 2299 214 2364 facilius
237 2299 334 2363 etiam
359 2317 474 2364 carere
497 2302 646 2383 possent.
663 2278 665 2282 ⁵
681 2295 825 2360 Accedit
850 2295 936 2380 quod
953 2295 1040 2360 haud
1056 2297 1191 2384 ingrata

68 2413 162 2479 mihi
188 2431 281 2479 meae
306 2411 476 2500 editiouiS,
506 2417 672 2496 quantum·
691 2411 830 2494 quidem
845 2432 906 2500 per
939 2396 1104 2499 angustos
1135 2415 1190 2497 qui

69 2503 159 2596 huic
191 2527 362 2614 scriptioni
394 2527 561 2592 constituti
593 2533 685 2616 suut,
717 2528 834 2594 liceret
858 2529 1033 2616 terminos,
1065 2528 1189 2617 passim

74 2643 445 2712 emendandae-oblata
469 2648 521 2708 est
547 2643 783 2730 opportunitas.

161 2761 257 2843 Quod
283 2765 390 2826 autem
414 2759 457 2825 ad
490 2755 679 2855 uniuersam
701 2753 944 2846 Bur-touiauoe''
954 2757 1109 2824 editionis
1134 2758 1187 2822 iu·
1318 2775 1320 2780 ·

77 2877 188 2944 dolem
220 2877 356 2965 attinet,
391 2873 565 2960 dolendum
597 2881 774 2966 sane‘est,
811 2875 898 2978 quod
924 2877 1049 2940 Burtou
1082 2880 1187 2940 morte

78 3013 261 3080 oppressus
294 3012 359 3058 nou
393 2993 498 3079 potuit
535 2992 608 3076 ipse
644 2993 682 3065 ¹iu
722 2993 827 3058 lucem
864 2991 1016 3056 emittere
1049 2991 1186 3056 Eusehii

78 3110 259 3198 historiam,
282 3108 343 3186 sed
370 3096 583 3194 ἀνωνύμοις
609 3107 801 3192 quibusdam
823 3107 938 3170 amicis
952 3109 1024 3190 ejus
1041 3108 1091 3173 rei
1107 3125 1186 3173 cura
1244 3099 1252 3106 ’

79 3337 201 3406 factum
235 3358 311 3406 esse
345 3337 497 3428 videtur,
529 3345 565 3434 ut
597 3339 738 3404 ultimam
773 3357 901 3402 manum
934 3338 1027 3426 operi
1054 3339 1185 3430 minime
1296 3376 1300 3384 ·

81 3456 273 3544 imposuerit
297 3456 442 3543 Burtou,
474 3445 550 3540 quin
584 3455 682 3522 etium
714 3453 847 3518 maioris
872 3452 1040 3520 cuiusdam
1072 3457 1184 3544 negh-

84 3575 219 3660 gentiae
235 3571 383 3658 uestigia
407 3570 462 3636 hic
477 3570 544 3636 illic
570 3572 732 3658 impressa
755 3587 832 3634 esse
856 3569 911 3634 vel
932 3569 1011 3654 inde
1035 3577 1201 3669 apparet,
1310 3583 1316 3586 ·

10 3764 13 3773 ,
84 3689 166 3774 quo'd
192 3690 290 3775 plane
316 3677 469 3775 hcglexit
494 3687 550 3752 ilie
573 3692 608 3750 ut
623 3684 834 3774 Corrigenda
859 3689 893 3749 et
918 3684 1085 3752 Addeuda
1109 3687 1183 3754 edi-

83 3807 178 3870 tionis
201 3783 294 3870 meae
321 3803 412 3884 (Vol.
429 3803 493 3868 111.
515 3825 547 3888 p.
561 3803 622 3871 549
646 3788 747 3890 sqqss),
772 3800 819 3866 ita
842 3799 1013 3886 epistolam
1037 3803 1184 3869 criticam

86 3919 123 3985 Ε,
145 3919 181 3978 G.
208 3917 377 4001 Geqadorfia‘
397 3937 463 3993 una
487 3905 562 3984 ¹cum
590 3920 764 3986 collatione
793 3908 904 4003 optimi
926 3917 1050 3984 codicis
1073 3919 1183 4000 Dres-

1 4039 2 4044 ’
87 4030 193 4096 densis
206 4031 248 4098 ad
262 4033 336 4112 libr.
344 4035 405 4100 lv.
414 4035 572 4101 historiae
587 4037 772 4124 pertinente
780 4033 870 4116 (Vol.
878 4031 941 4098 111.
949 4057 981 4120 p.
989 4033 1182 4112 l-XVLh

88 4149 195 4234 Neque
228 4167 310 4215 vcro
342 4151 403 4218 des
419 4151 558 4216 instituti
590 4153 641 4218 sui
673 4151 801 4216 ratione
831 4137 1005 4236 quidquam
1037 4152 1184 4238 persori‘-
1242 4207 1246 4226 ,

88 4269 192 4351 pserat
217 4261 360 4360 Burtou,
394 4288 514 4356 quare:
553 4271 667 4362 „cidit
702 4267 851 4358 inquiunt
880 4265 1028 4369 editores
1052 4289 1083 4355 p.
1109 4267 1185 4358 111,
1217 4278 1226 4288 “
1309 4319 1318 4338 .
