2760 4894
171 309 218 378 'ib
770 297 786 352 ὀ

175 493 256 550 ,,οοο
280 469 393 548 scripsit
416 461 592 546 (Origenes)
624 461 877 548 ἀποκρύπτων
897 462 948 528 τὸν
971 463 1086 546 Ἰησοῦν
1106 459 1182 529 eivuu
1213 471 1298 554 Χρι-

26 567 32 578 “
101 609 107 622 .
173 554 242 620 στὸν
264 548 377 614 sedot't
400 545 719 628 κατοδεξάμενος,
748 569 838 628 neque
861 545 1215 632 ῦγνοῶντόνἸησσῦν
1247 547 1298 626 οἷς

176 633 302 720 Χριστὸν
322 635 371 694 sed
393 629 557 694 ἀπιστῶν
576 637 616 716 τῷ
630 628 728 712 Ἰησοῦ
751 628 794 705 cic
818 637 943 718 Χριστῷ.
986 635 1170 711 uepretenui
1189 638 1298 712 igitur

173 723 327 799 Iosephus,
365 718 416 794 qui
435 717 512 775 Mosi
529 733 584 774 neu
609 718 781 776 valedixerit
804 719 949 776 Christum
973 727 1108 786 secutus,
1141 728 1171 776 et
1191 718 1229 776 ub
1252 735 1295 778 eo

169 807 282 885 potuit,
304 801 355 878 qui
375 799 411 856 de
431 798 546 864 Christe
566 807 699 856 testatum
720 791 809 876 ipsum
832 801 971 876 legeret*
1000 819 1028 876 p.
1045 804 1098 856 32.
1125 800 1164 857 ci.
1185 819 1210 878 p.
1227 807 1265 858 at
1278 843 1292 860 .

172 909 201 966 p.
226 892 277 947 ut.
305 889 361 940 not.
389 886 418 938 3.
465 879 546 937 Haec
568 897 737 959 veroquam
761 901 830 950 vana
854 883 920 952 sint,
944 881 1009 940 iude
1033 883 1155 960 primum
1177 883 1295 941 tntettt-

173 972 250 1048 gitur
271 961 343 1045 qnod
359 963 503 1039 Origenes
524 963 547 1019 si
570 965 608 1020 ita
623 961 757 1040 distingui
780 963 914 1022 sciuisset
938 964 1036 1033 verba,
1059 973 1090 1021 ut
1106 965 1294 1044 distinguere

126 1053 129 1066 ‘
173 1053 265 1132 piacet
283 1049 353 1108 Scit
365 1047 432 1104 oed
441 1046 529 1110 ctio,
553 1065 606 1103 nee
628 1057 719 1116 tuanen
732 1045 881 1126 quidquam
897 1043 1052 1105 addidisset
1065 1063 1133 1128 ηοσ,
1157 1051 1291 1126 quamvis

172 1133 311 1211 Iosephus
339 1149 393 1186 non
424 1147 474 1206 pro
497 1125 606 1186 Messian
627 1129 744 1187 haberet
774 1129 886 1198 ic'sum,
918 1140 1010 1188 tamen
1033 1129 1069 1186 dc
1092 1147 1128 1188 co
1150 1139 1289 1211 tanquam

171 1215 282 1276 Messia
312 1214 431 1270 locutum
463 1228 528 1268 csse
553 1209 785 1276 admoneremur,
815 1211 990 1290 ineptissime
1014 1221 1044 1269 et
1065 1203 1288 1292 perversissime

169 1299 330 1376 'scripturos
355 1295 476 1362 inisset,
499 1290 600 1350 deiude
621 1291 694 1370 quod
718 1294 787 1358 nibil
808 1293 1040 1352 taloadditurum
1065 1297 1153 1354 inisse
1178 1299 1288 1376 Orige-

173 1401 237 1439 nem
260 1399 295 1436 eo
318 1379 408 1436 minus
430 1386 474 1434 est
496 1375 632 1434 credibile
653 1395 708 1454 quo
729 1379 817 1453 magis
834 1377 969 1456 Iosephus
992 1378 1016 1434 si
1039 1398 1092 1435 non
1114 1377 1286 1454 κατεδέξατο

168 1457 289 1541 Ἰησοῦν
312 1455 386 1520 εἶναι
414 1451 542 1538 Χριστὸν
572 1469 715 1516 ettamen
746 1480 800 1517 non
822 1453 999 1540 ἀπέκρυπτε,
1030 1461 1289 1540 reprehendendus

171 1546 263 1606 videri
286 1541 416 1604 debebat.
457 1538 665 1619 Acceditquod
684 1561 778 1618 parom
803 1542 1038 1620 recte0rigenee
1061 1563 1077 1600 a
1099 1544 1220 1623 losepbo
1236 1545 1289 1604 ie·

173 1649 233 1688 sum
257 1645 313 1684 non.
335 1645 386 1704 pro
408 1623 518 1681 Messio
540 1623 662 1682 hobitum
690 1642 754 1682 esse
779 1625 912 1682 statuisse
938 1623 1099 1684 censendus
1122 1628 1212 1696 ieret,
1244 1629 1288 1684 si·

172 1709 282 1790 quidem
315 1725 415 1768 revera
443 1723 506 1762 cum
540 1723 590 1782 pro
617 1703 725 1767 Messia
753 1727 804 1764 suo
825 1705 939 1784 ¹quidem
970 1727 1054 1765 seusu
1083 1708 1215 1768 habuisse
1235 1710 1285 1766 lo·

173 1794 289 1871 sophum
310 1795 333 1850 S
341 1789 558 1848 eteodelius
576 1788 747 1861 ,arbitratum
770 1800 799 1854 ut
821 1809 885 1848 mon
898 1789 1064 1848 videbimus.
1099 1790 1183 1864 Quod
1201 1791 1287 1850 deui-

173 1893 227 1954 que
255 1875 283 1932 in
314 1871 469 1951 appendice
501 1868 529 1951 §-
561 1876 610 1928 tt.
640 1890 667 1949 p.
694 1875 744 1928 bb.
770 1891 831 1950 sqq.
862 1873 985 1952 probare
1015 1883 1135 1931 cenatur
1164 1875 1203 1934 V.
1228 1873 1284 1946 D„

172 1951 285 2034 losepbi
308 1953 435 2031 exempta
457 1962 522 2010 ante
545 1951 700 2012 Eusebium
724 1955 822 2014 dolosa
843 1975 929 2014 ruente
949 1959 1056 2034 augeri
1070 1976 1125 2013 noo
1141 1957 1286 2034 potuisse,

172 2039 240 2098 ittnt
264 2036 392 2114 equidem
415 2035 497 2092 tacite
522 2054 634 2111 possum
656 2035 831 2106 concedere,
857 2039 959 2115 quippe
981 2039 1026 2116 qui
1045 2050 1111 2096 ante
1125 2037 1289 2098 Eusebium
1355 2053 1358 2056 “

173 2121 354 2200 depravatum
376 2116 487 2194 iosepbi
510 2115 601 2176 locum
629 2133 694 2176 esse
719 2137 881 2198 quamquam
903 2119 959 2178 etia
980 2122 1091 2179 ratione
1115 2131 1145 2180 et
1163 2123 1291 2180 consitio

172 2206 233 2282 ipse
261 2201 424 2278 negaverim
456 2197 498 2279 (v.
527 2198 648 2262 Excurs.
679 2200 702 2258 Ι.
736 2221 763 2278 p.
788 2205 848 2259 ete
873 2206 950 2279 sq),
983 2201 1033 2262 sed
1063 2203 1221 2262 Eusebium
1240 2205 1289 2263 on

157 2284 333 2364 -interpoluti
369 2281 522 2340 testimonii
558 2284 719 2360 suspicione
751 2302 787 2342 ne
821 2284 856 2340 iis
892 2281 1004 2360 quidem
1044 2277 1178 2344 liberavit
1213 2283 1289 2364 quae

173 2389 200 2448 p.
218 2369 261 2424 'te
284 2387 326 2444 sq.
353 2365 490 2442 scripsit.-
515 2363 586 2436 „Ac
607 2367 631 2422 si
648 2365 738 2423 iocum
754 2377 878 2424 nostrum
899 2364 1063 2424 Eusebiaub
1079 2378 1142 2426 arte
1168 2370 1289 2428 conciu-

174 2461 265 2508 natum
279 2449 386 2514 ,dicere
408 2446 538 2515 velimus,
555 2465 651 2524 peuce
672 2448 720 2505 itto
745 2457 871 2526 tempere
900 2447 1013 2526 iosepbi
1031 2449 1166 2507 librorum
1187 2470 1289 2510 exem·

173 2533 262 2612 pluria
284 2541 332 2588 ant
360 2547 443 2587 unum
467 2527 549 2600 modo
576 2531 722 2588 exstitisse
749 2529 965 2594 existimandum
984 2541 1047 2589 est.
1092 2531 1178 2604 Quod
1200 2545 1287 2612 quatu

173 2615 311 2672 absonum
332 2613 386 2681 sit,
415 2611 534 2689 quisque
555 2609 643 2670 videt.
689 2611 762 2670 Nam
786 2632 866 2692 quam
888 2611 997 2672 Rornae
1017 2613 1177 2692 Iosephus,
1203 2625 1231 2674 et
1255 2618 1287 2674 in
1371 2667 1372 2670 ,

173 2717 253 2757 usum
275 2713 372 2754 eorum
391 2693 556 2770 scripserit,
582 2696 627 2772 qui
653 2694 765 2754 Graece
786 2695 861 2754 docti
879 2707 994 2766 essent,
1024 2702 1165 2774 quumque
1187 2709 1286 2775 patres
1371 2689 1372 2696 Ἰ

173 2777 337 2838 et‘Asiatiei
356 2775 531 2856 etAiricaoi
555 2775 668 2834 adeius
690 2776 797 2847 iibens,
817 2789 845 2835 ut
866 2779 934 2836 satis
961 2789 1063 2849 notos,
1087 2783 1285 2858 provocarint,

173 2862 313 2940 sequitur,
335 2855 422 2918 totuin
434 2877 489 2935 per
502 2860 688 2929 Occidentem,
713 2858 758 2940 [t]
778 2851 883 2939 exque
898 2859 1001 2930 editos,
1025 2871 1053 2919 ct
1066 2859 1210 2920 Orientem
1221 2862 1283 2940 ffl,

95 2977 100 2981 ·
173 2947 201 3004 in
225 2963 281 3023 quo
303 2942 393 3000 lectos
417 2940 561 3009 novimus,
595 2961 648 2998 oon
668 2943 755 2999 seium
779 2961 876 3000 corum
903 2945 1048 3012 notitiam,
1078 2941 1130 3002 scd
1152 2953 1180 3002 et
1202 2945 1284 3022 ipsos

173 3027 263 3085 iuisse
277 3023 445 3099 divulgatos.
491 3021 549 3081 Sed
572 3043 664 3082 nonne
687 3025 806 3083 fortasse
828 3025 953 3096 librarii,
978 3044 1094 3104 qnorum
1120 3027 1208 3084 maior
1227 3045 1282 3084 nu·

173 3127 269 3168 merus
290 3127 306 3166 c
324 3105 495 3164 Christianis
517 3105 587 3173 fuit,
609 3107 690 3164 simui
708 3117 791 3185 atque
806 3109 833 3165 io
847 3107 936 3166 iocum
955 3119 1098 3178 nostrum,
1121 3109 1284 3186 ubicunque
1371 3119 1372 3154 ἒ

172 3191 346 3270 perscriptus
366 3189 472 3262 inerit,
498 3187 675 3260 inciderunt,
701 3188 804 3268 cupide
827 3201 985 3268 arreptum,
1007 3191 1126 3270 ioscpbo
1145 3191 1283 3249 inserere

127 3322 132 3326 .
175 3290 254 3332 suum
277 3271 433 3341 duxerunt,
456 3272 496 3329 ita
516 3279 547 3327 ut
573 3270 669 3342 brevi,
699 3283 833 3350 quotquot
854 3283 999 3330 exstarent
1019 3271 1148 3350 losep'hi,
1182 3259 1282 3331 donati

124 3353 127 3357 ”
173 3357 227 3415 hoc
241 3357 341 3433 apice,
369 3353 478 3432 cornuti
499 3353 773 3420 circumferrentur?
814 3357 921 3412 'Verum
948 3373 1038 3432 neque
1059 3355 1138 3432 opud
1157 3347 1281 3413 Iuduebs

172 3457 262 3516 neque
286 3438 364 3514 opud
384 3445 486 3512 gentes
506 3439 540 3494 cd
567 3456 600 3494 rc
618 3439 755 3512 gronium
769 3457 799 3495 sc
820 3438 944 3494 t'rriteros
965 3449 1019 3495 out
1038 3449 1135 3494 eorum
1156 3438 1282 3514 otgrton-

173 3523 240 3578 titum
261 3521 408 3586 illustros
420 3537 482 3576 esse
501 3536 621 3594 sperare
636 3529 784 3597 poterent.
821 3517 939 3577 Rectius
954 3517 1020 3577 ittnt
1034 3519 1136 3576 seriori
1151 3527 1283 3596 tempore

63 3633 68 3636 ·
172 3611 201 3659 et
217 3611 280 3678 post
298 3617 443 3660 commune
459 3599 602 3673 literarum
618 3601 793 3678 naufragium
808 3601 870 3659 beri
888 3601 1013 3680 potuisse
1024 3600 1212 3660 dixerimus!
1232 3605 1283 3662 1ο-

170 3685 274 3763 sepius
294 3685 404 3760 egetur,
431 3693 461 3740 ct
476 3683 593 3760 serrpte
619 3703 675 3760 per·
698 3694 787 3742 totum
816 3686 963 3762 stupentium
983 3685 1093 3760 mersis
1107 3685 1226 3764 uotiuis,
1252 3693 1286 3741 ce

173 3767 292 3824 omnium
309 3767 402 3824 oculis
417 3767 444 3822 iu
460 3766 549 3842 ipsum
565 3767 681 3824 obtentio
693 3767 872 3844 ceptorutior
884 3765 960 3844 suit,
984 3783 1067 3843 quum
1086 3761 1275 3840 curentque
1371 3803 1372 3810 .

170 3849 262 3926 geudt’
274 3848 463 3924 outougendi
476 3846 583 3924 ubsque
594 3848 717 3925 ‚fruudt's
729 3849 796 3908 uotd
817 3849 963 3908 eonsilium
985 3850 1133 3914 euue'orcm
1152 3849 1180 3905 iu
1199 3863 1274 3903 τοτο-
1371 3859 1372 3868 ’

172 3942 226 3990 tem
252 3931 350 3988 venire
374 3931 524 4006 potuisset.
572 3932 640 4006 Quis
666 3934 737 3989 cuttu
765 3931 897 4005 standum
919 3929 1066 4000 obtendet,
1090 3932 1178 3988 multe
1189 3925 1276 4006 sttui·

172 4015 271 4072 iterem
300 4013 433 4082 detecte,
464 4030 547 4086 quom
571 4013 730 4072 contemtu?
771 4011 811 4070 Et
834 4013 983 4090 protecto,
1011 4010 1125 4090 siquid
1154 4009 1276 4068 insitio

171 4095 336 4156 tommentis
360 4088 555 4162 fraudulentis,
577 4093 649 4175 quud
672 4093 754 4154 iidem
777 4095 854 4169 fatiat
875 4095 1022 4164 iecturnm',
1047 4095 1110 4172 plus
1124 4095 1221 4151 inesse
1244 4091 1274 4148 in

171 4177 324 4238 maioribus
346 4193 427 4256 quatu
451 4175 624 4246 minoribus,
653 4177 681 4235 id
709 4179 794 4236 libros
818 4177 888 4234 tatso
911 4178 1015 4235 nomini
1038 4171 1166 4235 tatm'cve
1185 4173 1275 4230 uetnti
1371 4175 1372 4178 ’

169 4257 344 4339 supponeudi
372 4257 491 4316 studium
514 4268 633 4318 testatur
653 4279 747 4320 otone.
795 4260 914 4319 Dubium
935 4267 990 4320 nort
1013 4269 1068 4329 στος
1091 4259 1160 4337 quin
1178 4255 1277 4314 Eece·

14 4335 20 4344 ¹
168 4340 250 4418 ttes,
269 4345 328 4404 sebe
343 4342 487 4435 finxisset
507 4343 614 4414 iocum,
641 4345 700 4403 siue
725 4343 940 4423 eittctqtelostet,
963 4343 1065 4422 ρνίοσ,
1102 4354 1188 4420 queem
1203 4347 1277 4416 pest
1307 4423 1311 4432 .
