2760 4894
1166 271 1213 344 77

92 429 217 500 meum,
232 426 314 508 salsi
330 428 475 486 canau'etus
495 427 570 488 analo
592 443 663 486 auso
684 428 886 489 5454533515(ν
920 426 967 490 ct.
992 451 1019 509 p.
1037 435 1088 496 2t.
1112 413 1205 514 pter.

94 511 159 570 rtis
188 512 261 570 euim
291 511 403 568 vtriaimo
431 510 590 568 refutantur
617 528 772 586 quaeego
801 506 937 588 disputavi
967 533 996 592 p.
1026 520 1097 574 554.
1126 530 1153 576 ct
1181 521 1205 578 si

95 595 194 672 magis
215 613 321 652 memor
341 593 441 662 luisset
457 593 704 650 Schocdelius
724 595 821 650 eorum
843 611 913 669 quae
931 609 1083 672 praeeunte
1103 603 1207 660 Eich-

94 677 240 746 hortulo
262 677 282 734 Ι.
306 675 326 734 l.
348 674 572 750 scripsi,.langa
594 673 704 732 facilius
724 687 790 733 ante
810 676 950 736 inventam
970 689 1058 739 artem
1073 693 1208 760 typogra-

95 759 213 835 phicam
226 759 352 816 insititiis
365 755 562 826 additamentis
581 757 679 834 augeri
703 759 827 833 potuisse
848 757 935 818 libras
951 777 1031 836 quam
1050 776 1111 838 post
1131 785 1205 838 eam,

21 873 22 892 t
96 841 301 900 intellexisset.
335 837 370 896 Et
395 860 471 906 nuru,
496 858 625 918 quaeso,
651 837 779 898 detectae
793 843 862 898 suut
876 861 973 898 omnes
989 845 1119 920 autiquae
1135 851 1207 906 anti.

95 923 156 1002 quo
176 920 457 1000 temporelraudesl
499 919 604 980 Numa
622 941 759 1000 quoquam
779 921 904 980 Ettscbia
920 924 1125 1002 antiquioribus
1137 941 1205 988 tem.

19 1055 20 1062 ,
96 1007 217 1084 porihus
246 1006 372 1064 ohieetas
390 1024 455 1064 esse
480 1006 605 1062 novimus
634 1003 841 1090 aliaslrnudes
863 1025 932 1082 quas
955 1009 1207 1072 lachmannus

97 1089 274 1168 potissimum
297 1088 317 1148 l.
342 1088 360 1144 l.
396 1085 525 1150 notavit?
559 1085 598 1144 Et
622 1107 685 1146 nunt
706 1088 798 1150 minor
814 1097 859 1146 est
874 1107 955 1165 quam
977 1087 1020 1148 his
1042 1092 1111 1168 ipsis
1131 1094 1206 1152 l'rau·

96 1170 183 1230 dibus
194 1167 708 1248 comissittendis'proheritEusebius,
725 1167 863 1228 audacia?
884 1169 1023 1248 Chsupra
1039 1194 1066 1250 p.
1081 1179 1131 1234 75.
1148 1175 1207 1238 Sed

97 1255 206 1314 sartum
224 1263 326 1312 tectum
347 1261 563 1310 conservaturus
578 1251 741 1316 Flavianum
762 1253 949 1312 testinnonium
966 1254 1208 1317 Scho'edelius
1242 1267 1251 1284 '

97 1335 168 1396 illud
190 1347 338 1414 praeterea
361 1333 537 1392 efficiendum
554 1335 607 1391 sihi
626 1353 691 1394 esse
711 1333 797 1406 vidit,
828 1334 907 1394 atad
924 1357 1005 1394 unum
1023 1341 1115 1398 omnia
1135 1359 1207 1418 quae

99 1417 137 1476 de
165 1419 226 1478 lesu
257 1427 376 1476 testatus
402 1436 466 1474 esse
495 1415 633 1493 Iosephus
661 1414 744 1474 hodie
771 1417 952 1495 perhibetur,
984 1422 1107 1496 potuisse
1131 1443 1206 1480 conr·

14 1555 20 1562 .
98 1499 183 1562 ruodo
201 1500 411 1578 euni-quamvis
431 1497 563 1558 ludaeum
588 1500 687 1558 testari
711 1513 872 1578 appareret.
919 1501 1015 1581 ltaque
1039 1503 1073 1562 ad
1091 1496 1206 1564 interim

98 1593 263 1661 argumenta
277 1581 417 1644 accedeus
431 1603 459 1660 p.
477 1587 517 1639 42
528 1599 588 1660 sqq.
609 1601 662 1640 uon
679 1581 768 1640 solum
783 1603 817 1642 ea
832 1585 894 1644 fere
916 1585 946 1662 §.
967 1589 1017 1642 45.
1042 1606 1069 1664 p.
1084 1593 1125 1644 48
1141 1607 1205 1666 sqq.

98 1667 223 1746 repetit,
245 1685 317 1744 qqtae
332 1663 367 1722 de
382 1664 499 1742 ingenio
518 1674 546 1722 et
562 1663 685 1722 maribus
704 1664 841 1742 Iosephus
854 1667 1095 1728 Boelimertus
1115 1671 1207 1728 etalii

97 1757 310 1827 exposuerunt,
339 1747 426 1806 luisse
454 1765 517 1806 eum
548 1745 711 1806 historicum
745 1747 799 1806 lide
829 1747 1043 1826 dignissimum,
1078 1753 1206 1812 veritatis

96 1831 329 1908 amantissimum,
353 1831 504 1908 apartium
522 1827 614 1886 studio
626 1839 655 1887 et
669 1829 881 1890 vehementiore
897 1829 1122 1891 Christianorum
1140 1834 1220 1892 odio.

98 1915 321 1983 alienissimum,
347 1911 566 1972 Pharisaeorum
589 1911 702 1970 asininae
722 1910 876 1974 studiosum
895 1913 972 1990 (add.
990 1918 1214 1976 serenatis.
1306 1924 1312 1936 ’

46 2035 58 2043 -
99 1996 274 2076 Geqchiehte
296 1995 348 2056 der
368 1994 543 2064 Sittralahre
561 1991 634 2052 lesu
652 1995 690 2073 Τ.
706 1993 783 2074 191).
801 2001 863 2054 tet
882 2015 944 2074 sqq.
974 1999 1012 2056 el.
1036 1997 1161 2059 Excurs.
1177 1999 1204 2060 l.

70 2093 72 2100 “
98 2101 128 2158 p.
150 2086 210 2138 557
228 2078 300 2158 sq),
332 2088 361 2138 et
378 2077 601 2158 frequentiorem
624 2077 714 2136 foisse
733 2076 842 2138 Christi
863 2080 1005 2151 notitiam,
1026 2099 1107 2158 quam
1132 2097 1204 2160 quaa
1227 2095 1235 2104 ·

98 2161 252 2240 alasepha
268 2161 392 2240 ignorari
414 2171 462 2220 aut
479 2160 629 2238 praeteriri
654 2161 778 2238 potnerit
801 2159 845 2242 (ᾧ.
863 2165 913 2220 lli.
935 2182 963 2238 p.
983 2167 1024 2218 56
1038 2165 1129 2240 sqq),
1154 2161 1205 2222 sed

98 2246 185 2304 etiam
205 2245 338 2313 coniicit,
360 2242 509 2322 losephum
525 2261 587 2300 etim
605 2253 704 2311 antea,
731 2244 833 2320 quippo
849 2243 895 2319 qui
913 2253 975 2314 „at
990 2241 1204 2322 naturamsau·
1225 2263 1236 2282 ‘

74 2349 76 2354 ·
100 2330 200 2387 tricem
222 2323 323 2384 hahuit
343 2327 372 2382 in
400 2325 558 2385 trihuendt's
585 2327 695 2401 nigenii
724 2325 854 2395 datibus,
882 2328 924 2384 ita
952 2327 1125 2383 incuriosam
1152 2345 1205 2386 na·

100 2417 166 2466 ctus
195 2417 241 2466 est
265 2409 295 2466 in
321 2407 465 2466 uoluntate
484 2407 657 2468 stabilienda
677 2418 708 2468 et
728 2408 894 2466 imbecillam
916 2409 956 2465 ad
974 2410 1205 2480 contemnendam

98 2491 213 2550 vr‘tam“
237 2487 278 2568 (p.
299 2490 379 2562 45),
403 2492 502 2548 mortes
518 2491 648 2572 perr'culo
664 2493 796 2567 prastino
815 2493 955 2566 instante,
978 2493 1154 2550 necessitatis
1176 2493 1209 2550 ui

88 2570 214 2654 fractus
233 2572 262 2630 iu
277 2569 449 2652 Vespasiani
470 2583 599 2650 tanquam
616 2571 741 2632 Messiae
763 2573 882 2650 gratiam
905 2573 1107 2650 interpretatas
1127 2573 1231 2632 esset'

152 2648 226 2731 optio
254 2653 331 2712 illum
359 2647 524 2733 ἀμφίβολον
550 2653 586 2714 de
614 2675 668 2734 quo
694 2675 722 2714 v.
753 2655 868 2733 loseph.
898 2653 934 2713 B.
966 2654 990 2712 l.
1023 2655 1085 2724 Vl,
1111 2660 1148 2726 ὅ,
1171 2663 1204 2714 4.

96 2677 159 2806 ml,
183 2739 222 2806 8,
244 2741 276 2798 a.
299 2737 366 2798 coll.
386 2737 480 2796 Tacit.
504 2737 545 2796 lt.
571 2737 599 2808 l,
623 2742 673 2796 to.
698 2737 746 2808 V,
773 2743 823 2798 45.
857 2737 976 2798 Suetoa.
1002 2735 1095 2816 Vesp.
1118 2757 1146 2796 e.
1170 2745 1202 2799 4.
1281 2743 1287 2758 “

98 2817 208 2878 Eiseh.
232 2819 270 2880 ll.
292 2817 334 2891 E.
354 2818 414 2890 tlt,
443 2825 473 2876 8.
505 2840 534 2898 p.
558 2825 631 2883 titt.
662 2818 855 2891 odinatae,
887 2821 1004 2880 coniicit
1026 2821 1128 2897 igitur,
1158 2821 1204 2892 lo·
1241 2819 1250 2832 '

92 2901 214 2980 ,sapham
236 2911 345 2962 mutata
365 2902 399 2980 ele
420 2903 527 2964 Messr'a
541 2913 608 2979 post
629 2905 770 2974 castilioni
787 2905 1046 2980 Hierosolymorum
1062 2906 1209 2972 seriteptia

98 2994 130 3046 et
154 2984 197 3044 ah
218 2985 418 3062 asportatione
450 2985 531 3058 regis
554 2987 749 3061 praevalentis
779 2995 899 3044 auocata
911 3025 921 3052 ,
962 3003 1070 3043 aureae
1099 2987 1204 3047 aetates

98 3085 119 3126 a
135 3070 245 3128 Messeis
260 3066 472 3142 exspectandae
494 3064 580 3134 bana,
603 3067 659 3124 eam
673 3068 759 3124 aliter
771 3067 830 3126 sibi
848 3066 1044 3144 informanda,
1066 3068 1094 3124 la
1114 3085 1203 3144 prae·

99 3151 193 3210 teritis
211 3147 403 3227 quaestoriae,
429 3145 627 3223 prophetarum
650 3149 793 3208 vaticiniis
815 3150 898 3206 umas
920 3147 986 3206 lesu
1002 3146 1103 3226 dicta,
1128 3148 1202 3208 laeta

6 3305 7 3312 ἵ
98 3241 129 3290 et
155 3232 215 3290 lata
243 3231 357 3309 plenius
382 3227 558 3307 respondere
589 3228 642 3286 sihi
666 3231 865 3312 persuasisse,
893 3227 1016 3306 denique
1036 3227 1129 3286 lesum
1155 3229 1203 3287 hn-
1232 3239 1235 3245 '

98 3313 196 3374 baisse
224 3323 252 3370 et
283 3309 447 3372 declarasse
461 3330 524 3392 ,pro
544 3312 662 3380 Messeis,
687 3330 705 3370 a
729 3312 877 3388 prophetis
894 3313 1057 3389 praedicto,
1084 3322 1204 3388 praeter
1303 3381 1306 3385 ι

98 3416 179 3476 quern
200 3413 288 3462 nonus
309 3404 362 3452 aut
379 3395 455 3452 olias
472 3414 528 3454 aaa
550 3403 625 3452 esset
642 3395 858 3472 respectandas.
881 3393 925 3474 (p.
942 3397 1106 3467 sa-te.3
1139 3392 1202 3452 Ne·

98 3498 153 3557 qae
176 3489 269 3538 tamen
292 3473 519 3550 Christipnorum
542 3475 588 3555 qui
611 3475 706 3533 lesum«
725 3474 771 3534 dei
794 3477 884 3534 instar
905 3485 1127 3544 venerarentur,
1157 3476 1202 3536 lu·
1230 3497 1234 3502 ’
1257 3491 1259 3498 ·

98 3560 188 3639 sapho
210 3562 262 3638 qui
280 3569 356 3618 totus
378 3578 487 3618 mersus
511 3569 578 3618 erat
601 3559 751 3636 disciplina
772 3561 903 3632 Iudaica,
927 3559 1068 3638 placuisse
1089 3566 1228 3616 sentea·'
1262 3591 1272 3608 κ

70 3644 167 3710 *tiam
192 3652 221 3702 et
240 3661 296 3702 non
319 3641 547 3702 Christianarum
576 3638 628 3698 sed
648 3661 728 3700 suurn
750 3643 901 3711 lllessram,
930 3651 1086 3700 suo‘sensu
1109 3641 1202 3700 lesum

99 3725 232 3786 hahuisse
255 3731 294 3802 (p.
315 3713 394 3796 eti).
438 3721 496 3783 Sed
519 3725 572 3784 ista
595 3723 620 3780 si
644 3743 698 3780 nau
722 3733 788 3802 suut
809 3723 960 3802 perplexa,
985 3733 1132 3793 contorta,
1157 3743 1202 3782 re·

97 3807 273 3887 pugnantia,
296 3802 362 3884 quid
384 3806 440 3879 sit,
467 3806 580 3886 nescio.-
620 3803 758 3882 losephus
781 3807 855 3864 enim
882 3817 948 3868 ante
970 3805 1109 3866 excidium
1132 3805 1230 3864 tlte-0

99 3890 323 3968 rasolpatorom,
352 3907 417 3948 eum
438 3885 558 3948 noudum
586 3887 698 3946 exsules
722 3889 788 3946 laeti
815 3887 910 3947 ludaei
939 3889 1080 3948 nationum
1100 3889 1127 3946 in
1146 3903 1202 3946 'nu-

101 3989 179 4030 nero
200 3989 268 4032 csse
286 3969 457 4042 desiissent,
484 3973 585 4048 plenas
609 3981 675 4028 erat
696 3971 779 4048 calgi
802 3973 979 4030 Iudaeorum
991 3973 1202 4048 exspectatione

102 4052 139 4109 dc
157 4069 224 4127 rege
239 4055 362 4131 potenti,
384 4053 557 4130 respublicae
568 4047 749 4111 Israelitis-oe
770 4072 843 4126 nocta
861 4056 1034 4112 incrementa
1052 4053 1200 4122 urltlt'turo,

102 4131 139 4196 ad
154 4131 357 4210 Vespasianum
380 4145 473 4194 autem
496 4145 625 4212 tanquam
639 4133 776 4206 Messium
794 4130 934 4215 propdr
951 4131 1113 4216 ἀμφίβολον
1128 4153 1201 4192 mor·

84 4215 140 4274 'tis
158 4217 450 4276 tautumimminentis
473 4227 546 4276 mehr
563 4215 708 4294 perculsus
721 4219 871 4276 'transtulit
893 4237 946 4276 nec
970 4236 1041 4278 vero
1055 4235 1090 4274 ex
1110 4219 1202 4278 animo

101 4317 154 4378 pro
182 4295 294 4365 Massia
322 4298 531 4382 Vespasianum
561 4299 658 4362 habuit
687 4299 729 4380 (p.
750 4300 830 4378 ta).
874 4297 957 4360 Unde
985 4299 1072 4378 igitur
1092 4297 1203 4358 tandem
