2760 4894
173 323 237 396 28'

173 491 222 634 poi
244 497 336 550 tanuen
359 491 491 552 testatur,
514 482 542 540 in
565 443 634 542 Sar.
658 497 690 538 se
711 477 855 546 invenisse
871 472 1120 558 θάαεραληπτους,
1144 497 1202 536 uno
1222 479 1283 556 qui·

193 593 237 634 em
260 567 416 637 vocabulo,
440 563 489 624 sed
511 561 673 622 nocentibus
695 563 734 620 itu
756 561 879 640 positis,
905 571 936 619 ut
964 555 1075 640 trinepos
1103 581 1155 638 pro
1185 572 1284 618 neutro

173 654 337 716 accusativo
360 647 476 728 pluralis
497 641 654 704 babendum
679 644 727 714 sit,
751 644 840 702 etita
869 644 993 702 fortusse
1016 642 1072 720 tegi
1098 643 1125 700 in
1148 643 1214 700 aiiis
1235 662 1284 700 cn·

173 736 295 797 dicibus.
333 730 524 790 confirmetur
545 728 633 804 igitur
654 736 733 786 certe
755 724 823 784 Snv.
846 724 911 784 cod.
936 726 1104 794 anctoritate
1118 727 1284 782 coniectura

174 838 256 898 quatu
289 812 422 894 proposui
451 812 479 869 in
501 809 591 870 Vnrr.
617 807 713 868 Lectt.
744 827 773 885 p.
798 812 870 865 515.
896 808 977 868 cuius
999 815 1093 865 tamen
1115 827 1170 864 non
1195 808 1283 882 magis

90 901 98 908 '
174 900 344 960 mentionem
366 895 435 954 iecit
448 892 531 951 Boot.
553 909 718 971 quamquam
736 891 873 961 incertus,
897 899 927 948 ut
941 891 992 961 uit,
1014 909 1077 960 „au
1098 907 1157 947 nou
1179 890 1284 948 rectius

175 981 308 1043 ederetur
328 973 439 1056 θάτερα
457 969 612 1052 ληπτοὺς.“
846 993 853 1004 ’
1277 1031 1291 1040 ,

256 1061 296 1120 0.·
317 1065 368 1118 97.
394 1079 423 1137 ρ.
440 1061 512 1122 959.
543 1076 572 1114 v.
589 1062 620 1114 9.
643 1059 696 1116 τοῦ
716 1065 781 1113 aute
796 1047 885 1134 -ἆγίου
899 1053 1030 1112 omittere
1047 1052 1148 1130 Stepb.
1167 1051 1282 1110 Stroth.

175 1142 259 1205 codd.
282 1160 381 1202 omnes
404 1138 444 1216 (i)
469 1148 498 1194 ct
518 1138 585 1198 Nic.
607 1131 651 1194 'ait
672 1137 754 1194 Bnrt.
779 1137 889 1213 etipse
910 1136 1016 1192 omisit.
1041 1155 1090 1195 ·r.
1114 1136 1166 1193 uit.
1197 1129 1285 1213 ἄλλην

118 1295 125 1302 ,
170 1223 336 1304 Ἰουδᾶιπην
356 1217 438 1281 Med}
462 1219 542 1280 Man.
567 1219 642 1278 Fuit.
668 1220 737 1280 Sar.
761 1217 798 1276 G.
820 1217 845 1276 l.
871 1216 909 1275 Η.
935 1215 1016 1276 burt.
1048 1213 1135 1278 Ἰουδ.
1156 1212 1184 1278 ἆ.
1206 1217 1282 1294 Reg.

173 1309 216 1370 Η.
238 1300 380 1387 κοριααὴν
399 1299 426 1364 ἆ.
448 1301 487 1362 Ε.
510 1337 549 1350 -
571 1323 600 1381 p.
624 1305 697 1360 9115.
720 1320 748 1362 ν.
772 1305 803 1360 9.
826 1299 969 1378 σωτηρίου
990 1299 1102 1377 ending.
1126 1297 1165 1358 E.
1191 1298 1229 1358 G.
1245 1299 1283 1359 Η.

174 1389 212 1450 Ρ.
235 1391 292 1450 scri
315 1389 352 1446 sit
373 1387 457 1446 Burt.
549 1417 553 1422 ·
1103 1417 1107 1426 ·
1287 1403 1297 1414 ’

259 1410 370 1530 0.Ρ98.
395 1489 422 1546 ρ.
447 1471 519 1525 eut.
543 1486 571 1527 v.
593 1471 625 1526 1.
649 1465 727 1524 aiin.
750 1461 884 1544 neptum
903 1457 994 1524 αὐτοῦ
1008 1461 1090 1524 bled.
1107 1461 1188 1520 biae.
1206 1461 1282 1520 Fuit.

111 1604 116 1613 .
177 1555 246 1615 Sar.
270 1553 310 1612 Η.
335 1552 359 1610 l.
383 1549 422 1608 Η.
447 1547 529 1608 Burt.
564 1581 606 1594 -
649 1567 677 1626 p.
698 1550 770 1605 etto.
795 1565 823 1605 v.
848 1552 878 1604 8.
902 1551 934 1603 9.
963 1542 1077 1618 τούτοις
1096 1550 1158 1617 τοῖς
1177 1539 1285 1622 ῥήμασι

176 1644 287 1695 ornnes
305 1632 347 1712 (i)
378 1629 461 1692 codd.
492 1628 597 1690 babere
625 1630 666 1690 nit
695 1627 776 1686 Bart.
817 1637 847 1686 et
872 1634 934 1700 τοῖς
969 1629 997 1686 in
1026 1637 1130 1687 textum
1161 1628 1281 1705 recepit.

55 1771 57 1780 ,
176 1739 202 1780 v.
229 1723 278 1776 ttt.
301 1717 475 1803 πλησρονοῖν
500 1732 598 1772 omnes
622 1709 687 1771 edd.
704 1721 740 1768 *et
762 1707 845 1768 codd.
871 1722 985 1787 praetor
1006 1709 1087 1770 Cast.
1114 1707 1190 1786 Cpb.
1214 1728 1282 1786 quos

134 1846 138 1860 .
177 1799 249 1858 maie
270 1807 385 1858 secutus
399 1806 443 1855 est
459 1794 540 1855 Bnrt.
563 1798 741 1872 πλησμοναῖς
757 1791 907 1852 scribendo
923 1801 1071 1871 propterea
1084 1789 1196 1850 scilicet
1211 1789 1286 1868 qnod

175 1881 247 1952 Vll,
271 1879 323 1938 tto.
347 1883 525 1958 πλησμοναῖς
548 1877 658 1954 degatur
678 1885 707 1933 ct
728 1884 852 1951 praestet
874 1875 901 1932 iu
921 1886 1040 1952 utroque
1062 1876 1124 1934 ioco
1137 1871 1212 1932 idem
1239 1893 1285 1951 po·

179 1983 251 2022 uere
278 1959 404 2040 quamvis
437 1961 506 2017 ferri
531 1959 618 2035 possit
642 1960 814 2035 πλησμονῶν
837 1956 1017 2016 referendum
1048 1955 1084 2015 ad
1107 1955 1286 2035 praecedens

178 2035 221 2106 oio
242 2039 370 2124 ὠρέγετο.
412 2039 460 2100 Gi.
483 2039 537 2107 lii,
561 2045 611 2100 51.
637 2051 702 2108 not.
719 2045 750 2096 1.
774 2033 815 2082 -’-
843 2059 871 2118 p.
895 2044 968 2098 236.
991 2060 1020 2098 v.
1044 2046 1074 2097 5.
1103 2037 1232 2120 προθεὶς
1252 2058 1288 2096 ex

175 2126 216 2188 E.
239 2125 276 2184 G.
301 2124 340 2184 Η.
360 2124 383 2182 l.
407 2122 446 2182 Η.
471 2121 552 2198 (Nic.
566 2119 761 2202 προθέμενος)
783 2122 897 2199 scripsit
913 2121 1010 2184 Burt..
1034 2123 1133 2180 contre
1156 2141 1190 2179 ca
1214 2141 1288 2200 quae

177 2229 231 2286 ego
256 2207 386 2266 annotavi
415 2213 476 2264 not.
502 2209 554 2275 9.,
577 2205 618 2262 εἰσ
641 2203 803 2282 disputausr
842 2203 930 2274 „Vix
950 2203 1006 2262 diei
1030 2213 1124 2282 potest
1144 2204 1288 2280 antiquio-

177 2310 238 2351 rum
260 2289 411 2348 lreneeum
430 2286 563 2364 Dionysii
582 2286 750 2346 recentioris
770 2285 1115 2352 bistorineladdt‘dtbsest‘
1143 2285 1202 2346 Sed
1229 2287 1288 2344 irc·
1371 2318 1374 2343 ι

106 2387 114 2400 “
177 2392 278 2432 uacum
301 2371 494 2443 vixisscpautc
516 2367 686 2448 Dionysium
710 2389 763 2427 uon
787 2369 878 2426 miuus
901 2388 1032 2428 noveram
1056 2387 1137 2446 quam
1161 2369 1285 2438 Burtou,
1374 2433 1375 2448 ρ

178 2474 240 2514 num
256 2451 436 2512 defenderem
449 2449 599 2530 προςθεὶς,
622 2461 651 2510 ct
673 2448 701 2508 tt
722 2452 811 2528 ipsum
833 2451 994 2508 etiamnunc
1017 2449 1195 2510 retinendum
1221 2471 1287 2508 cen-

178 2555 246 2605 seo,
277 2554 358 2603 cum,
390 2534 516 2611 quamvis
538 2532 605 2590 iliud
627 2533 674 2590 rix
693 2531 789 2592 dicere
810 2534 933 2610 potuerit
956 2531 1110 2603 Eusebius,
1135 2531 1286 2592 Irenaeum

176 2614 321 2677 addidisse
342 2614 478 2694 quaedam
501 2612 635 2693 Dionysii
658 2615 809 2684 historiae,
833 2613 899 2672 iiind
922 2625 1028 2682 tamen,
1054 2614 1160 2685 credo,
1185 2617 1285 2674 rectis·

177 2701 248 2758 simo
269 2697 367 2758 dicere
391 2699 479 2776 potuit
501 2707 530 2754 et
551 2696 641 2768 dixit,
664 2697 824 2766 irenaeum,
849 2697 894 2773 qni
917 2707 984 2756 ante
1007 2697 1178 2776 Dionysium
1202 2698 1284 2774 sinit,

176 2779 323 2842 addidisse
345 2778 480 2858 quaedam
505 2779 642 2837 bistorino
663 2777 699 2836 de
721 2777 872 2858 Corintho,
896 2797 967 2855 quae
989 2801 1043 2851 non
1066 2779 1220 2838 tradiderit
1242 2799 1285 2837 re·

176 2865 287 2922 centior
307 2860 463 2940 Dionysius
483 2859 518 2919 de
535 2860 683 2919 Cerintho.
728 2861 810 2920 Haec
832 2861 906 2919 euim
930 2881 996 2920 vcra
1019 2862 1062 2920 vis
1084 2873 1130 2920 est
1145 2863 1285 2940 simplicis

176 2944 258 3006 verbi
282 2941 422 3024 προςθεὶς
443 2953 526 3021 atquc
548 2941 575 3000 id
597 2945 685 3021 ipsum
710 2962 754 3002 me
775 2943 900 3001 voiuisse
921 2941 1018 3002 dicere
1034 2964 1096 3002 cunt
1114 2946 1283 3014 scriberem,

177 3025 339 3104 significare
368 3023 544 3097 Eusebium,
576 3025 722 3084 Irenaeum
750 3026 832 3104 panio
862 3025 1051 3084 reconditiora
1079 3027 1228 3085 addidime
1250 3028 1282 3084 iis

178 3127 253 3188 quae
274 3106 433 3186 Dionysius
453 3109 560 3178 refert,
587 3107 660 3183 quod
684 3107 847 3186 perspicere
870 3118 917 3164 aut
939 3127 993 3166 non
1013 3109 1134 3167 volucrit
1156 3119 1206 3170 aut
1228 3129 1283 3165 non

174 3192 300 3270 potuerit
321 3188 423 3260 burt,
455 3187 548 3247 doleo.
583 3189 672 3248 Pauio
695 3201 757 3266 post
777 3187 846 3248 ibid.
870 3209 921 3268 pro
939 3189 1120 3270 παρέδωκεν,
1143 3189 1214 3268 quod
1236 3199 1283 3248 cst

175 3275 212 3344 in¹
227 3271 300 3349 iieg.
327 3269 379 3340 E„
404 3269 581 3330 scribendum
601 3269 805 3354 παραδέδωκεν
825 3291 886 3330 oum
907 3269 990 3334 Med.
1013 3273 1094 3334 bien.
1111 3273 1188 3332 Fut.
1212 3272 1280 3331 Sur.

48 3327 51 3334 ’
82 3421 84 3428 ,
175 3354 214 3414 c.
237 3355 278 3412 a.
304 3353 329 3412 r.
355 3352 393 3410 u.
418 3352 500 3411 nunt.

258 3433 293 3504 C.
313 3440 363 3492 99.
382 3455 410 3512 p.
429 3439 547 3493 bum.
565 3441 596 3495 1.
621 3455 637 3493 n
655 3435 703 3509 fin.
719 3430 772 3514 τὴν
785 3440 910 3517 γυναῖκα
924 3447 986 3514 post
1002 3433 1119 3520 ἀγαγὼν
1139 3457 1176 3496 ex
1191 3437 1283 3496 omni·

174 3518 227 3578 bus
251 3517 294 3597 (i)
318 3515 400 3576 codd.
424 3517 465 3575 ait
485 3537 516 3575 se
539 3517 672 3596 sripsisse
693 3515 776 3577 Bart.
805 3517 1072 3579 cavantem.
1099 3553 1137 3566 -
1160 3541 1188 3596 p.
1208 3524 1279 3577 969.

85 3641 94 3664 .
174 3620 204 3660 v.
221 3604 250 3659 9.
275 3593 306 3659 d'
329 3587 384 3670 οὖν
404 3597 551 3677 legendum
574 3619 611 3658 cx
624 3597 704 3658 Med.
722 3598 802 3658 Man.
818 3599 977 3662 musar.
992 3601 1074 3661 Η.,Ι.
1091 3602 1129 3662 Η.
1146 3601 1229 3660 Bart.

163 3727 168 3736 .
257 3679 293 3739 C.
317 3687 369 3738 59.
395 3701 423 3759 p.
446 3685 518 3738 990.
549 3702 577 3740 r.
602 3686 633 3739 ts.
655 3676 703 3741 ἐπ’
726 3675 807 3742 οἷκον
827 3682 852 3744 l.
876 3681 914 3740 Η.
938 3695 996 3742 etc.

219 3785 225 3794 ·
257 3761 293 3820 C.
318 3767 368 3820 51.
392 3782 421 3840 p.
445 3767 518 3822 ent.
542 3783 571 3822 v.
587 3768 618 3820 ti.
643 3758 718 3842 ὁτῆς
736 3759 857 3842 μπά-
874 3769 967 3844 χῶρος
981 3783 1127 3844 perperam
1144 3783 1181 3824 ex
1197 3762 1276 3824 Med.

173 3843 254 3905 Mna.
280 3843 355 3900 Fut.
379 3843 444 3904 Sav.
471 3844 505 3904 G.
531 3847 646 3924 scripsit
668 3845 749 3904 Burt.
776 3841 878 3906 <inante
900 3851 991 3929 χῶρος
1012 3844 1117 3905 habent
1138 3847 1216 3925 Reg.
1237 3845 1273 3904 Ε.
1296 3917 1302 3920 ,

173 3925 217 3987 Η.
232 3925 256 3984 1.
270 3925 309 3984 Η.
333 3958 374 3971 -
395 3946 422 4004 p.
440 3931 511 3986 969.
537 3939 596 3986 not.
616 3934 647 3987 t.
670 3929 776 4005 corrig.
795 3949 851 3988 aon
866 3941 945 3990 recte
962 3939 1115 4008 proreetc.
1145 3950 1188 3987 ·v.
1202 3935 1232 3986 9.
1245 3935 1276 3984 5.

176 4009 323 4070 Φίλιππον
343 4011 401 4068 τῶν
421 4008 496 4086 Reg.
522 4007 560 4070 Ε.
584 4009 625 4081 Η.
648 4009 673 4069 Ι.
697 4009 735 4068 Η.
762 4010 901 4082 muna.
930 4047 964 4059 -
998 4031 1026 4088 p.
1049 4016 1121 4068 965.
1147 4032 1175 4070 ν.
1204 4017 1230 4070 1.
1260 4007 1281 4098 ἥ

173 4111 229 4150 nm.
253 4089 334 4150 Med.
357 4089 437 4150 Mau.
462 4091 538 4149 Fur.
563 4091 632 4151 Sar.
657 4091 694 4150 G.
718 4092 756 4150 Η.
782 4093 806 4152 1.
828 4091 866 4151 Η.
890 4093 959 4152 Rus.
983 4093 1051 4151 Nic.
1079 4093 1161 4152 Bnrt.
1196 4115 1223 4152 v.
1245 4098 1276 4150 8.

168 4167 243 4252 μετὰ
261 4178 365 4234 τοῦτον
385 4193 421 4232 ex
442 4171 523 4230 Med.
547 4171 627 4232 Μαι.
650 4173 725 4232 Fuit.
750 4174 818 4232 Sav.
843 4175 879 4234 G.
904 4176 928 4234 l.
952 4175 990 4234 Η.
1014 4175 1098 4234 Buri.
1121 4173 1214 4252 dedit,
1235 4175 1279 4233 bis

11 4296 14 4313 .
70 4272 75 4278 ·
173 4253 341 4333 adscriptis:
367 4254 568 4326 „Nescicntes
586 4255 705 4325 librarii,
729 4256 764 4315 de
785 4276 840 4334 quo
856 4257 994 4318 Proculus
1014 4267 1080 4316 note
1102 4258 1276 4334 loqueretur,

173 4339 276 4398 τοῦτον
297 4337 323 4394 iu
345 4341 431 4397 τοῦτο
454 4337 612 4396 mutabant:
637 4347 666 4396 at
687 4339 712 4396 si
730 4349 803 4398 totus
827 4339 881 4400 iste
896 4339 1024 4418 dialogus
1039 4339 1195 4411 extitisset,
1216 4339 1275 4398 reri
