2746 4916
238 223 307 295 334
665 221 915 296 EXGURSUS
936 224 966 296 Ι.

234 399 398 476 phetaram
416 392 517 449 effatis
534 411 602 450 enm
619 395 791 468 Tryphone
808 413 876 454 sese
893 403 1028 454 acturum
1047 415 1126 472 esse,
1144 401 1269 460 lustinus
1288 421 1366 476 pro-

158 549 164 560 ἱ
235 483 351 540 fitetur.
386 478 514 534 Accedit
532 482 608 549 quod
626 483 803 542 ludaeorum
820 483 852 536 in
869 485 1029 554 loseplnam
1048 485 1152 540 odium
1168 483 1218 540 illo
1232 495 1367 560 ternpore

236 584 295 640 quo
313 564 444 620 lustinus
461 561 546 618 vixit
554 603 566 633 ‚
585 565 782 634 probabiliter
797 573 863 622 erat
880 569 1091 626 adhuc‘maius
1110 578 1141 626 et
1157 573 1366 632 vehementius

237 669 326 724 quam
345 655 378 704 ut
396 649 594 721 Tryphonem
611 649 717 705 faciles
737 667 824 706 aures
842 652 1053 722 praebiturum
1080 647 1147 710 essa
1167 673 1238 712 sarae
1254 675 1292 712 ex
1312 660 1367 713 illo

235 733 358 806 Iosephi
384 731 556 788 testimonio
584 735 691 789 ductae
718 737 986 807 argumentationi,
1014 740 1147 795 lustinus
1172 749 1274 811 posset
1294 762 1367 814 spe-

232 839 313 878 rare.
348 815 416 877 Vid.
435 819 631 876 Bornmear.
642 823 664 874 1.
674 823 696 874 l.
715 839 747 892 p.
767 824 817 877 189
834 837 902 892 sqq.
922 817 1367 898 Quodveroorigenesuonso·

232 909 297 962 lum
315 901 437 958 silentio
454 903 661 974 praetermisit
678 905 858 960 Flavianum
876 908 1099 980 testimouium,
1117 913 1171 965 sed
1192 915 1264 967 adeo
1286 917 1367 968 lose·

233 993 329 1064 phurn
347 985 509 1040 ἀπιστοῦντα
525 989 562 1057 τῷ
577 987 673 1054 Ἰησοῦ
691 996 726 1050 ὠς
744 991 853 1062 Χριστῷ
872 991 1018 1048 describit
1037 993 1073 1048 in
1091 998 1314 1052 commentariis
1334 1001 1367 1052 ad

231 1077 422 1134 Matthaeum
439 1091 470 1144 p.
489 1076 550 1130 22³.
587 1082 690 1130 contra
708 1079 831 1132 Celsum
850 1081 874 1132 l.
893 1095 923 1147 p.
942 1077 1000 1148 35„
1023 1076 1099 1134 illud
1123 1081 1264 1150 quamvis
1282 1100 1367 1138 suam

234 1159 420 1220 sententiam
439 1159 608 1216 defendens
626 1161 751 1216 nonnisi
769 1162 812 1216 ita
831 1161 981 1234 expedire
999 1161 1128 1232 potuerit
1144 1169 1367 1222 Boeaueuus

232 1249 254 1302 l.
275 1249 296 1300 l.
317 1263 347 1318 p.
368 1245 444 1312 196„
462 1251 495 1298 ut
512 1245 672 1314 losephum
690 1248 727 1300 ab
746 1246 879 1318 Origene
897 1245 970 1304 satis
993 1247 1124 1319 fugitivo
1147 1253 1235 1306 oculo
1257 1254 1367 1308 lectum

232 1349 302 1389 esse
320 1329 503 1398 contendat,
532 1336 635 1384 tamen
658 1329 748 1387 uobis
767 1331 819 1402 qui
838 1335 889 1386 rel
907 1323 1063 1403 particulis
1082 1335 1263 1404 quibusdam
1281 1337 1367 1391 uobi-

229 1415 343 1473 lissimi
361 1413 444 1468 illins
469 1409 659 1470 emblematis
683 1415 816 1481 contenti
833 1416 957 1486 erimus,
977 1415 1102 1474 minime
1119 1423 1227 1476 obesse
1245 1423 1367 1492 poterit.

231 1501 361 1578 Quodsi
381 1497 529 1570 Origenes
542 1501 647 1553 Jearun
665 1515 682 1553 a
701 1501 825 1569 losepho
843 1500 967 1556 minime
986 1519 1040 1573 pro
1058 1505 1174 1560 Messia
1193 1523 1262 1562 esse
1280 1507 1367 1560 habi·

227 1593 295 1641 turn
313 1584 460 1654 affirmat,
481 1585 645 1638 concedere
662 1600 822 1654 possumus
840 1585 925 1656 sequi
952 1585 1026 1642 inda
1049 1595 1082 1642 ut
1099 1587 1249 1660 Origenes
1267 1591 1301 1645 in
1321 1597 1367 1644 lo·

228 1674 327 1742 sepho
346 1685 408 1722 uon
426 1667 537 1739 legerit
555 1683 590 1722 ea
606 1671 715 1738 rerba,
734 1685 810 1739 qrrae
827 1667 874 1724 illi
894 1669 1037 1742 Origeuis
1055 1673 1222 1730 sententiae
1239 1675 1365 1730 videon·

227 1763 282 1812 tur
299 1769 481 1826 repugnare,
489 1753 543 1807 sed
562 1767 628 1806 cum
641 1769 703 1806 uon
721 1752 822 1808 oretria
840 1771 875 1808 ac
892 1754 1012 1826 singula
1032 1757 1115 1811 illam
1133 1761 1173 1814 eb
1193 1775 1315 1814 causam
1334 1762 1364 1814 iu

230 1839 434 1910 suspicionem
458 1839 594 1892 vocanda
620 1836 702 1908 siut,
744 1839 897 1892 sententia
915 1848 1019 1894 nostra
1044 1857 1079 1896 eo
1105 1842 1230 1900 minime
1248 1845 1364 1899 labeta-

172 1941 175 1949 ’
228 1931 338 1980 ctatur.
376 1921 421 1977 cf.
448 1925 483 1977 B.
511 1925 689 1977 Tursuscu.
716 1925 867 1993 Urgestalt
893 1923 948 1978 der
966 1927 1104 1998 Odyssee
1130 1929 1207 1983 oder
1231 1931 1367 1998 Beweis„

150 2013 152 2018 ’
228 2013 301 2064 'dass
329 2007 379 2060 ‹lie
404 2007 616 2062 homerischen
643 2006 781 2078 Gesiinge
807 2017 844 2061 z'u
875 2025 1000 2079 grosseu
1026 2010 1166 2066 Partieeu
1189 2011 1364 2084 interpolirt

228 2095 299 2152 siud
318 2091 417 2147 Praei.
436 2109 466 2162 p.
485 2094 524 2148 VI
543 2109 588 2162 sq.
627 2091 763 2161 „Wenn
780 2092 909 2148 Andere
933 2113 991 2150 rcus
1015 2097 1074 2149 den
1096 2097 1361 2168 Widerapriicdeo

227 2177 383 2237 einzelnen
401 2173 516 2233 Stellen
533 2178 589 2229 der
606 2175 686 2230 Ilias
702 2179 769 2230 uod
790 2175 922 2251 Odyssea
939 2183 1004 2251 (ruf
1017 2180 1179 2236 besoudere
1202 2182 1237 2240 V
1231 2187 1362 2254 erfasser

227 2265 296 2322 aare
314 2263 426 2320 Zeitert
443 2259 598 2316 derselben
616 2259 764 2316 scbloaoeu
774 2281 785 2332 ‚·
804 2280 837 2317 so
855 2281 920 2318 war
935 2263 1013 2320 wolrl
1029 2266 1084 2320 der
1101 2265 1217 2322 oborste
1238 2266 1361 2324 Grund-

224 2363 295 2406 ootz
314 2347 445 2416 Scituld3
466 2349 548 2400 deno
556 2343 633 2422 jetta
651 2345 792 2402 beroeiseo
809 2347 925 2418 nichea,
952 2350 997 2404 ols
1016 2353 1088 2406 dosa
1105 2351 1169 2407 bles
1195 2355 1278 2408 diese
1303 2355 1360 2410 ein·

224 2435 335 2493 zeloten
354 2432 470 2490 Stellen
487 2434 609 2486 credero
630 2431 816 2503 Vcrfossero
827 2435 894 2486 nord
902 2432 1166 2510 jiingernZeiten
1179 2439 1358 2508 aagendam.

224 2553 262 2564 -
278 2551 313 2564 -·
340 2519 415 2580 Wie
440 2517 560 2588 teiclnig
583 2516 664 2571 diese
689 2528 844 2588 straugere
866 2519 933 2573 nord
957 2520 1096 2590 angleicla
1121 2523 1265 2593 reddere,
1286 2527 1360 2579 diest

223 2605 456 2676 nrnfnssemlere
472 2589 611 2672 andsiti·
628 2604 689 2656 den
697 2601 812 2657 Homer
828 2603 1052 2675 wohltlriitr'gnre
1069 2606 1203 2662 Ansickt
1219 2608 1272 2678 ist,
1287 2611 1360 2664 wind

226 2693 283 2745 der
308 2687 421 2759 Erfolg
442 2687 593 2758 zeigen.“
630 2687 744 2760 Quibus
768 2691 803 2744 V.
829 2693 866 2746 D.
892 2691 913 2744 l.
933 2692 956 2744 l.
982 2709 1011 2759 p.
1031 2695 1092 2748 vu.
1113 2694 1141 2759 *)
1161 2694 1238 2748 haec
1258 2696 1357 2749 addit:

224 2775 489 2848 „Besondero
515 2772 757 2826 anwendbor
778 2773 831 2827 iot
855 2774 912 2828 sie
939 2775 1044 2840 (diese
1061 2777 1212 2844 Arrsicht)
1230 2778 1274 2832 io
1291 2781 1359 2834 der

226 2847 581 2918 Potristilr.‘1)enn
600 2856 782 2927 detegent
799 2875 879 2913 nom
902 2858 1025 2914 Vuter
1042 2859 1192 2916 Homer
1210 2862 1272 2918 bis
1289 2867 1362 2934 uus

226 2945 292 3000 die
309 2941 575 2999 claristliehen
598 2940 632 2996 V
633 2941 723 2996 liter
740 2941 897 3014 bernus.
916 2944 997 2998 Hier
1014 2943 1067 3000 leot
1085 2947 1135 3000 die
1151 2941 1366 3019 notbwendige]

125 3035 128 3045 '
223 3027 335 3091 Krdtile
356 3027 453 3083 schier
478 3025 554 3082 neele
571 3026 670 3082 oielns
683 3027 816 3096 gethaeo,
843 3027 1041 3084 censebatur
1060 3049 1133 3086 onon
1150 3031 1185 3086 in
1202 3035 1264 3088 den
1280 3034 1366 3088 walt-t

97 4235 100 4248 '
209 4222 368 4280 (balistam
392 4219 426 4276 in
447 4217 521 4276 hiat.
547 4220 619 4275 eccl.
645 4223 672 4292 l,
690 4220 749 4292 311,
776 4221 946 4277 cedrenum
964 4223 1124 4293 compend.
1142 4219 1252 4278 histor.
1272 4225 1309 4278 T.
1325 4225 1346 4278 l.

205 3133 283 3190 'ren
300 3111 364 3183 ζὸφ
375 3133 412 3173 ος
428 3130 470 3168 zu
486 3111 632 3166 becumen.
657 3105 948 3183 'Gewiilmlicb-gebt
965 3133 1014 3186 es,
1034 3116 1088 3170 wie
1105 3119 1163 3172 dns
1179 3119 1264 3173 ἀεππ
1281 3103 1366 3176 Sittei

221 3202 284 3272 ist,
298 3203 361 3273 siir
377 3201 443 3254 und
458 3215 576 3269 geg'ert3
595 3215 638 3252 un
655 3209 746 3252 etwas
763 3197 894 3267 Dn'ttes,
914 3217 957 3254 an
973 3200 1356 3272 Interpolotioneu‚

224 3287 305 3341 wind
329 3281 412 3340 uictu
432 3282 573 3355 geducbt.
616 3283 688 3337 Uod
713 3284 767 3336 uo'e
792 3283 853 3337 ciel
887 3284 1021 3342 Ursoeite
1045 3285 1129 3340 boue
1153 3287 1205 3342 elie
1221 3285 1359 3364 jiingere

222 3371 359 3442 ‚Kircbe,
385 3369 452 3424 ihre
476 3367 603 3422 iiltesteo
630 3367 852 3437 Sclrmftste'ller
867 3385 909 3424 zu
925 3369 1180 3441 iraterpoliren!“
1218 3367 1358 3428 Ceteruiu

224 3457 253 3515 si
279 3464 397 3526 patrum
430 3461 459 3509 et
483 3453 612 3507 aliorum
643 3470 734 3523 quarn
759 3453 893 3508 codicum
917 3456 1089 3511 arroteritati
1121 3457 1179 3511 hac
1210 3456 1241 3512 in
1269 3475 1356 3514 causa

223 3549 342 3596 tantum
357 3527 527 3608 tribuatur,
547 3540 636 3608 louge
654 3537 800 3591 tuaiorem
818 3555 975 3594 rrrrmercun
995 3557 1061 3596 esse
1080 3557 1185 3595 eorum
1202 3541 1256 3612 qui
1274 3541 1356 3598 testi·

221 3627 328 3682 :ttorrio
346 3622 465 3694 losephi
483 3631 606 3678 artantur
623 3621 756 3692 illudque
774 3623 942 3693 genuinum
960 3625 1195 3696 existimarunt,
1224 3629 1261 3681 ad
1288 3645 1355 3684 eos·

222 3727 284 3781 qaae
302 3709 452 3780 pertinere
469 3708 631 3764 Eusebium
650 3715 712 3761 tum
729 3707 762 3760 iu
780 3707 850 3762 hist.
870 3712 976 3765 eccles.
995 3714 1019 3781 l,
1031 3714 1074 3765 11.
1095 3719 1158 3765 tum
1176 3711 1211 3765 in
1230 3713 1354 3767 demon·

222 3802 308 3852 strat.
329 3811 433 3866 evang.
453 3795 532 3856 lll,5
542 3811 572 3862 p.
585 3792 646 3847 nt.
666 3793 715 3848 ed.
735 3795 946 3866 Monetam„
963 3795 1155 3853 Artrbrosium
1172 3798 1206 3850 in
1220 3795 1298 3852 libro
1317 3799 1354 3854 de

221 3879 344 3937 excidio
370 3879 453 3934 urbis
472 3877 678 3950 Hierosolym.
699 3878 751 3931 lib.
771 3881 860 3955 lI.¹p.
880 3881 955 3950 200„
980 3880 1204 3954 Hieronymum
1220 3880 1254 3936 in
1274 3891 1351 3938 cata·

221 3967 284 4038 log.
304 3963 421 4035 seriptt.
442 3964 636 4020 ecclesiastic.
656 3965 695 4018 T.
714 3966 738 4019 1.
757 3981 789 4034 p.
808 3963 883 4034 275„
902 3965 1043 4019 Rufinum
1066 3965 1099 4020 iu
1118 3965 1225 4022 histor.
1244 3970 1348 4024 eccles.

220 4055 277 4122 111,
303 4053 359 4120 11.,
394 4046 542 4105 Isidorum
565 4047 748 4104 Pelusiotam
767 4048 900 4120 epistoll.
919 4051 980 4121 1v,
999 4051 1074 4122 lib,
1110 4053 1302 4107 Scaenaeunm
1320 4052 1365 4108 iu.

217 4137 293 4194 hist.
313 4136 384 4192 eccl.
404 4137 430 4204 l,
449 4137 488 4204 1.‚
508 4132 719 4189 Cassiodornm
736 4134 768 4188 in
785 4133 894 4190 histor.
913 4134 1031 4206 tripart.
1051 4139 1076 4204 l,
1093 4139 1134 4206 2,
1152 4135 1347 4208 Nicephorum
